4602 5640
1134 314 1151 374 'l

1040 403 1244 412 —-—-·-——·—--—

226 552 340 598 omnes
363 532 538 596 choreutoe
562 537 637 596 sunt
660 529 854 616 participes,
885 531 943 598 sed
972 553 1035 596 nou
1063 555 1141 612 una,
1171 531 1313 598 discerni
1338 540 1481 619 possent.
1532 533 1603 598 Hoc
1628 555 1704 600 raro
1728 540 1764 598 ut
1788 539 1929 598 statuam
1954 533 2058 598 altera

227 637 325 700 etiam
356 636 480 702 ratione
512 636 664 701 adducor.
709 633 860 700 Vidimus
891 637 978 702 enirn
1008 659 1106 722 supra
1134 637 1296 722 legitimas
1327 644 1359 701 et
1381 637 1570 702 manifestas
1593 638 1781 724 tragoediae
1804 637 1995 722 partitiones
2018 637 2057 700 iis

227 739 318 804 chori
333 739 532 804 carminibus
550 740 631 820 lieri,
655 759 739 824 quae
756 739 841 804 omni
858 739 996 804 aetionis
1014 741 1122 826 specie
1139 748 1283 812 careant,
1307 747 1404 826 atque
1432 762 1472 805 ea
1494 741 1535 806 de
1552 763 1650 805 causa
1665 763 1685 805 ι
1700 739 1825 828 paredo
1841 739 2057 806 secludeudos

229 863 303 907 esse
328 861 473 908 commus
506 841 596 906 chori
626 848 659 907 et
686 842 883 907 histrionum
907 863 1116 908 communes:
1149 844 1195 908 At
1217 865 1258 908 ne
1283 845 1473 909 comme-tica
1501 844 1632 930 quidem
1656 845 1758 908 multo
1783 843 1934 910 divorsae
1959 849 2055 910 notae

230 952 316 1010 sont.
360 944 445 1010 Nam
469 947 496 1009 si
520 966 650 1011 carmen
673 946 719 1010 ita
742 945 877 1030 siugulis
895 945 1057 1012 eboreutis
1074 946 1290 1026 distribueris,
1313 953 1349 1012 ut
1372 947 1513 1012 invicem
1536 947 1599 1012 sibi
1623 947 1854 1033 respondeant,
1878 947 1964 1012 idem
1987 948 2056 1012 lero

221 1047 264 1114 ἰιι
288 1050 439 1136 proprius
462 1070 608 1116 commus
631 1048 743 1115 eradit
769 1049 790 1116 i.
814 1071 858 1130 e.,
883 1055 920 1114 ut
943 1049 981 1115 Ο.
1005 1049 1156 1116 Muelleri
1179 1050 1289 1115 verbis
1312 1056 1402 1130 utar,
1431 1049 1581 1136 dialogus
1609 1051 1719 1135 lyriois
1749 1051 1858 1116 uerbis
1887 1057 1920 1115 et
1943 1051 2057 1116 metris

228 1155 407 1218 instructus
432 1161 466 1218 et
488 1157 615 1218 auctus.

333 1255 448 1342 ltaque
476 1263 513 1322 ιιι
542 1263 704 1342 repetam,
732 1277 829 1342 quarn
860 1257 1047 1324 Aristotelis
1082 1256 1334 1323 indeficientis
1370 1258 1558 1343 tragoediae
1590 1256 1738 1342 partibus
1768 1258 1929 1323 rationem
1953 1258 2055 1323 luisse

228 1361 426 1442 existimem,
449 1357 530 1426 haee
553 1366 621 1425 est:
644 1381 711 1426 uua
733 1381 882 1446 quaeque
905 1360 1075 1446 tragoedia
1098 1360 1198 1426 habet
1222 1363 1393 1447 prologum
1410 1362 1559 1447 episodie
1575 1360 1717 1428 exodum
1734 1361 1890 1446 paredum
1909 1362 2056 1440 atesinus,

227 1463 414 1549 etquidem
437 1463 579 1549 paredus
595 1463 767 1549 prologum
791 1485 811 1527 a
833 1464 937 1548 primo
955 1463 1114 1550 episodio,
1132 1465 1265 1529 stasima
1282 1462 1428 1550 episodie
1452 1466 1536 1530 inter
1559 1486 1593 1530 se
1617 1471 1651 1529 et
1673 1465 1714 1530 ab
1738 1465 1844 1532 exodo
1869 1465 2055 1550 seiungunt.

226 1566 319 1639 Quae
356 1573 528 1653 praeterea
560 1568 785 1647 inveniuntur,
819 1568 936 1631 commi
971 1575 1004 1632 et
1033 1562 1076 1632 τὰ
1106 1561 1176 1632 ἀπὸ
1206 1567 1338 1655 σκηνῆς,
1369 1567 1445 1653 quia
1474 1589 1581 1654 neque
1614 1569 1822 1634 necessariae
1846 1575 1922 1633 sunt
1944 1574 2054 1654 partes

225 1691 333 1756 neque
356 1670 493 1734 aetionis
517 1670 772 1756 perpetuitatem
788 1668 871 1736 adeo
888 1677 1113 1758 perrumpunt,
1137 1671 1256 1736 iustam
1272 1671 1482 1756 partitionem
1498 1692 1564 1735 nou
1580 1672 1734 1736 efficiunt.
1780 1670 1927 1738 Parodus
1945 1677 2056 1738 auteur

226 1779 278 1838 cst
305 1772 391 1858 quod
420 1773 559 1860 primurn
589 1775 779 1840 continuum
807 1793 940 1840 carmen
969 1795 988 1838 a
1017 1782 1085 1840 toto
1116 1774 1215 1840 choro
1245 1795 1310 1840 una
1333 1793 1414 1840 voce
1444 1780 1593 1840 cantatur
1616 1775 1669 1840 vel
1696 1774 1872 1860 aliquando
1897 1797 1940 1840 ex
1962 1781 2056 1861 parto

227 1877 369 1963 quadarn
394 1877 561 1943 recitatur.
2118 1869 2122 1877 “

335 1979 386 2044 Dc
418 1987 529 2046 nostro
563 1986 672 2046 eutem
702 1981 845 2044 camnine
873 2001 970 2048 nemo
1000 1981 1069 2044 fere
1091 1980 1253 2047 dubitarit
1275 1981 1351 2066 quin
1374 1981 1416 2046 sit
1440 1983 1684 2056 commaticum
1716 2003 1813 2068 quern
1837 1979 1879 2046 ob
1903 2002 1971 2046 reru
1994 2003 2055 2068 pro

224 2083 351 2208 parodp
372 2105 438 2150 non
461 2086 524 2150 hoe
548 2106 622 2150 esse
646 2083 832 2150 habendum
856 2085 1007 2150 existimo
1031 2082 1088 2148 sod
1111 2084 1200 2164 illud,
1225 2084 1312 2170 quod
1335 2084 1454 2169 legitur
1478 2085 1660 2150 inirainde
1684 2109 1704 2150 a
1727 2105 1824 2150 versu
1841 2087 1919 2150 32⁴1:
1942 2086 2056 2168 μᾶτερ,

225 2181 249 2250 ἅ
269 2209 302 2270 μ
329 2183 452 2268 ἔτικτες
474 2211 503 2254 ιι.
519 2187 591 2254 τ..λ
638 2189 787 2262 Quocum
811 2188 975 2272 congruit,
1004 2187 1091 2305 quod
1114 2186 1271 2273 paredum
1296 2209 1426 2274 semper
1454 2190 1486 2252 in
1511 2189 1679 2254 orchestra
1703 2194 1865 2254 cantatam
1890 2209 1966 2254 esse
1990 2195 2055 2254 tra-

227 2289 333 2356 ditum
355 2303 417 2374 ost,
440 2315 513 2358 oum
536 2293 589 2358 hic
612 2291 763 2357 Furiae
755 2313 788 2356 ιιι
812 2291 979 2408 temploi.
1004 2313 1033 2356 e.
1056 2292 1089 2356 in
1112 2313 1232 2358 scaena
1255 2297 1437 2359 versentur

336 2395 439 2461 Seeus
462 2395 574 2464 docuit
588 2395 810 2474 Hermaeum,
834 2395 890 2481 qui
913 2394 955 2460 ad
979 2415 1025 2460 rs.
1046 2395 1135 2478 179⁹)
1160 2395 1245 2460 inter
1269 2395 1335 2460 alie
1357 2396 1439 2460 hace
1462 2394 1644 2461 adnotavit:
1684 2393 1886 2482 ‘Extemplo
1903 2415 2058 2479 egressus

227 2499 348 2585 Apollo
372 2499 664 2586 inorepatFurias,
689 2519 772 2585 quae
796 2498 838 2563 ab
861 2497 979 2564 umbra
995 2496 1279 2584 Clytaemnestrae
1296 2499 1548 2584 expergefactae
1572 2517 1607 2562 se
1624 2498 1852 2584 preripuerant
1876 2519 1919 2564 ex
1935 2499 2057 2583 templo

225 2611 326 2688 atque
349 2603 382 2668 in
405 2602 607 2668 orchestram
624 2601 864 2668 descenderant
963 2623 1069 2688 neque
1094 2609 1150 2668 aut
1166 2624 1279 2670 onmes
1295 2602 1411 2667 Furias
1435 2609 1492 2666 aut
1508 2608 1635 2688 partem
1652 2621 1763 2668 earum
1786 2605 1820 2669 in
1844 2603 1917 2689 ipso
1937 2602 2058 2688 templo

224 2707 423 2772 remansisse
455 2706 692 2772 statuendum:
717 2727 854 2792 quorum
886 2705 1142 2787 neutrumlieri
1172 2704 1298 2793 potuit.q
1351 2705 1435 2770 Fam
1466 2711 1598 2770 secutus
1628 2706 1824 2771 seutentiam
1854 2705 2058 2771 Wieselerus

223 2803 344 2878 ιιλιιιω
367 2809 536 2876 mutavit
528 2832 561 2876 ιιι
584 2804 753 2876 κελεύθου.
799 2811 844 2876 At
866 2812 988 2876 rectius
1019 2818 1052 2875 et
1075 2810 1135 2876 hoe
1159 2811 1345 2876 omittemus
1370 2817 1403 2876 et
1425 2811 1514 2875 illam
1538 2811 1712 2875 uerborum
1735 2810 1966 2890 acerbitatem,
1994 2829 2059 2894 qua

223 2915 438 2982 Hermannus
463 2937 503 2982 ea
521 2916 559 2980 ιἰι
582 2935 617 2980 ιι
640 2915 789 2980 innectus
814 2915 893 2979 est'
885 2935 919 2980 ιιι
942 2914 981 2980 Ο.
1000 2913 1204 2995 Muellerum,
1230 2915 1507 2982 Schoemauuus'
1499 2935 1532 2978 ιιι
1548 2913 1783 2992 Hermannum,
1808 2919 1906 2998 atque
1929 2914 2058 2991 iterum,

224 3020 293 3084 ut
285 3039 374 3104 ipsas
393 2991 624 3106 expendemus
648 3039 712 3099 res,
735 3039 868 3104 operam
892 3017 1051 3084 dabimus
1097 3019 1211 3084 Furias
1234 3020 1334 3105 igitur
1355 3020 1496 3104 primum
1519 3019 1622 3103 aspici
1646 3018 1678 3082 in
1701 3017 1773 3101 ipso
1797 3018 1920 3103 templo
1937 3015 2058 3080 circum

224 3122 378 3188 Orestem
409 3122 562 3189 sedentes
591 3144 665 3187 curn
693 3123 779 3186 inter
809 3143 993 3188 omnes-
1023 3143 1086 3186 uno
1110 3129 1252 3208 excepto
1277 3122 1468 3188 Genelli*
1497 3126 1637 3200 constet,
1670 3141 1778 3205 neque
1801 3120 1908 3184 minus
1932 3120 1977 3185 ibi
2002 3141 2058 3186 eas

224 3246 301 3292 esse
325 3227 592 3312 expergefactae,
624 3246 681 3290 eur
708 3247 773 3292 non
801 3226 882 3290 illud
909 3227 1008 3290 etiarn
1032 3226 1103 3292 fleri
1125 3228 1244 3312 potuit,
1272 3233 1308 3292 ut
1330 3228 1364 3290 in
1389 3228 1512 3313 templo
1536 3245 1666 3290 carmen
1691 3229 1869 3289 canerent?
1906 3223 1958 3287 An
1982 3225 2059 3308 quia

224 3351 296 3396 mos
321 3335 407 3408 erat,
438 3336 474 3394 ut
497 3329 615 3396 chorus
639 3329 672 3394 iu
696 3329 864 3395 orchestra
886 3333 1059 3396 cantaret?
1093 3329 1175 3394 Erat
1197 3352 1275 3396 saue
1299 3330 1352 3395 hie
1377 3351 1462 3408 mos,
1485 3349 1591 3414 neque
1614 3329 1747 3408 ιιιὶιιιιιι,
1772 3347 1845 3392 cum
1868 3326 2058 3412 plerumque

224 3434 345 3498 chorus
363 3433 443 3498 alibi
466 3455 530 3498 uon
553 3441 740 3499 versaretur
764 3433 826 3500 nisi
849 3434 882 3498 in
906 3419 1085 3499 orchestra.
1131 3433 1195 3508 Qui
1218 3435 1247 3499 si
1269 3434 1373 3500 semel
1396 3435 1429 3498 iu
1445 3453 1565 3499 scaena
1581 3433 1759 3497 collocatus
1776 3437 1857 3511 eret,
1881 3432 1914 3495 in
1939 3451 2058 3497 scaena

224 3539 326 3604 ctiam
351 3537 477 3604 cantari
499 3535 588 3602 haud
611 3538 644 3603 in
663 3557 782 3622 magno
804 3536 990 3604 discrimine
1013 3545 1065 3604 est
1079 3537 1330 3626 ponendum10).
1376 3537 1496 3603 Melius
1511 3537 1611 3602 etiarn
1627 3536 1711 3600 haue
1727 3555 1794 3600 rem
1811 3535 2059 3622 perspiciemus,

223 3642 254 3706 si
272 3660 448 3726 sequamur
464 3641 528 3704 iarn
545 3640 728 3709 Hermanni
744 3641 950 3706 sententiam.
985 3640 1165 3726 Fingamus
1182 3641 1412 3727 igituuFurias
1429 3661 1446 3704 e
1465 3661 1585 3706 scaeua
1600 3639 1811 3705 descendisse
1828 3651 1862 3704 ot
1878 3637 2059 3718 rideamus,

223 3745 336 3810 verbis
365 3739 443 3826 ἔξω,
473 3739 591 3810 κελεύω
614 3769 643 3812 κ.
661 3744 732 3812 ιλ.
765 3745 908 3824 omissis,
940 3745 1016 3830 quid
1047 3767 1065 3810 e
1098 3753 1167 3810 toto
1189 3746 1353 3833 Apollinis
1377 3747 1522 3810 oratione
1551 3745 1593 3808 sit
1616 3742 1805 3808 eruendum.
1851 3739 1937 3814 Quid
1960 3741 2059 3828 igitur

222 3849 295 3934 agit
317 3849 393 3914 ille?
418 3887 455 3897 -
481 3849 527 3914 Ut
549 3847 667 3914 Furias
691 3871 734 3914 ex
755 3843 922 3936 περιβόλῳ
946 3850 1059 3936 templi
1082 3849 1142 3933 (sie
1166 3849 1390 3935 Hermannus)
1414 3849 1576 3966 depellet,
1604 3855 1638 3912 et
1661 3847 1804 3912 maxima
1829 3845 1959 3931 quidem
1983 3866 2057 3911 eum

223 3952 435 4018 vehementia
458 3953 535 4038 egit,
560 3973 643 4034 cum,
668 3953 695 4018 si
719 3973 784 4016 non
801 3953 953 4018 celeriter
968 3952 1138 4030 decedant
1164 3954 1231 4018 tela
1254 3974 1290 4018 se
1314 3953 1355 4018 ab
1379 3973 1456 4017 arcu
1479 3974 1519 4017 ns
1535 3953 1729 4018 reiecturum
1746 3950 1879 4036 promitt
1866 3957 1924 4015 tat.
1971 3949 2060 4024 Quid

221 4055 322 4141 igitur
346 4053 487 4122 Furiae?
512 4056 671 4182 effugiunt
658 4063 732 4121 tnet
766 4057 912 4138 Minime,
935 4066 1077 4122 manent.
1123 4057 1175 4121 An
1199 4059 1267 4124 tela
1289 4057 1406 4144 proicit
1422 4056 1563 4142 Apollo?
1599 4055 1776 4134 Minime‚'
1768 4075 1866 4120 nmmo
1882 4055 2059 4120 luculentis

221 4160 426 4246 argumentis
450 4136 816 4226 demonstratFurias
808 4183 841 4225 ιιι
858 4163 1065 4226 sanctissimo
1090 4162 1162 4228 loeo
1187 4162 1313 4228 versari
1337 4183 1402 4227 non
1426 4160 1558 4226 debere.
1603 4159 1649 4224 At
1635 4165 1792 4223 tntunc
1779 4156 1912 4222 tandem
1936 4157 2059 4222 abeunt

220 4263 323 4328 illae?
357 4263 546 4342 Minime,
538 4285 636 4330 rmmo
667 4265 949 4330 altercationem
942 4267 1087 4353 incipere
1117 4266 1247 4332 audent.
1224 4266 1408 4352 tltaque
1431 4265 1550 4350 Apollo
1579 4263 1704 4327 fervida
1735 4283 1813 4328 sane
1846 4269 1878 4326 et
1908 4262 2059 4328 scaenica

221 4365 372 4432 oratione
403 4367 436 4430 in
459 4366 577 4433 Furias
606 4367 755 4434 invectus
787 4391 847 4434 neo
877 4369 979 4434 hilum
1003 4369 1126 4434 effecit:
1162 4368 1195 4434 id
1224 4369 1311 4456 quod
1339 4372 1393 4433 vix
1417 4367 1564 4446 homine,
1595 4365 1715 4432 nedum
1739 4365 1801 4431 deo
1825 4365 1960 4451 dignum
1983 4387 2057 4432 esse

220 4471 450 4556 unusquisque
484 4472 614 4537 sentiet.
665 4472 781 4558 Neque
812 4473 912 4558 igitur
945 4471 1073 4552 dubito,
1105 4473 1181 4558 quin
1204 4471 1323 4540 Furiae
1347 4475 1379 4538 in
1403 4470 1526 4556 templo
1550 4470 1768 4534 remanserint
1788 4468 1901 4554 ibique
1925 4491 2057 4535 carmen

226 4627 352 4638 ⁴-v--0--
364 4629 494 4636 ...es-⁶...-
506 4631 609 4638 .-.—..--
627 4631 640 4638 .-

330 4729 355 4795 ιι)
778 4731 837 4784 179,
866 4725 927 4794 ἔξω,
946 4728 1054 4794 κελεύω,
1073 4729 1160 4783 τῶνδε
1178 4730 1313 4799 δωμάτων
1331 4729 1414 4798 τάχος

780 4815 839 4871 180.
865 4815 983 4888 χωρεῖτ’,
1003 4811 1214 4871 ἀπαλλάσσεσθε
1231 4816 1371 4887 μαντικῶν
1389 4815 1496 4886 popum

324 4921 357 4984 ro)
376 4917 456 4984 Quod
475 4919 604 4973 nonnulli
623 4922 793 4975 monuerunt
811 4920 909 4975 Furias
927 4919 973 4974 hic
990 4919 1114 4975 nondum
1133 4937 1192 4975 esse
1211 4935 1274 4974 vere
1293 4919 1415 4984 eborum,
1441 4919 1632 4974 seductorum
1653 4919 1749 4990 potius
1769 4921 1862 4988 partes
1880 4934 1972 4988 agere,
1991 4917 2059 4972 liaeo

217 5003 307 5068 ratio,
325 5003 348 5058 si
367 5007 496 5060 accurate
515 5006 698 5075 reputaveris,
717 5006 753 5060 ad
773 5008 862 5063 totam
880 5005 1005 5062 fabulam
1024 5007 1147 5078 pertinet
1165 5006 1237 5062 siout
1255 5005 1284 5060 in
1304 5005 1492 5077 Supplicibus.
