4602 5640
1112 302 1130 360 5

208 523 289 592 alios
313 523 461 588 dicentes
484 520 655 586 audissent
676 538 782 606 usque
805 519 868 606 ipsi
892 519 1050 586 vidissent
1072 520 1259 606 quidquam.
1302 525 1465 612 Apollinis
1489 533 1599 592 autem
1622 525 1724 592 verba
1746 528 1821 594 inde
1844 551 1863 594 a
1887 553 1983 598 versu
1998 533 2038 598 67

208 648 310 714 usque
334 625 376 692 ad
390 645 521 692 sorsum
546 625 586 688 '13
596 623 622 708 ⁵)
647 622 778 687 nimiam
801 643 880 707 prae
905 644 940 688 se
964 623 1087 690 ferrent
1110 625 1352 710 loquacitatem,
1376 630 1437 694 nisi
1462 651 1572 694 coram
1595 630 1702 696 Furiis
1725 633 1855 710 fierent3
1879 634 1920 701 de
1943 657 2040 724 prae-

208 731 356 796 sentibus
378 749 457 795 vero
482 749 545 792 non
571 728 682 812 inepte
706 725 873 806 dicuntur,
901 726 999 792 immo
1023 728 1095 814 ipso
1120 747 1232 794 earum
1257 730 1416 819 adspectu
1441 733 1534 819 quasi
1563 735 1744 801 eliciuntur.
1789 737 1942 824 Denique
1965 759 2041 804 eum

208 853 315 900 rerum
338 833 485 898 ordinem
510 837 608 916 atque
624 830 665 894 .id
688 830 912 895 concitatioris
936 831 1172 896 incrementum
1196 833 1256 898 bac
1285 837 1410 900 ratione
1433 837 1650 918 servabimus,
1680 847 1717 904 ut
1737 839 1857 925 Pythia
1879 841 2042 908 describat

208 937 380 1002 Furiarum
403 937 556 1022 speciem,
581 953 653 998 oum
677 934 768 1020 ipsae
792 953 856 998 non
880 935 1137 1020 conspiciantur;
1160 937 1281 1022 Apollo
1305 939 1346 1004 de
1370 939 1407 1003 iis
1431 961 1538 1004 coram
1559 940 1638 1027 ipsis
1655 941 1756 1014 dicam
1780 943 2041 1029 Clytaemnestra

209 1042 407 1128 alloquetur,
430 1045 594 1125 postremo
620 1036 822 1123 colloquatur
845 1058 918 1102 oum
941 1037 992 1104 iis.
1038 1037 1076 1104 In
1101 1060 1141 1104 ea
1163 1045 1281 1122 autern,
1306 1063 1401 1128 quarn
1425 1043 1570 1108 ultimam
1594 1043 1671 1124 dixi,
1695 1053 1788 1132 parto
1809 1069 1881 1113 oum
1906 1067 2040 1135 respon·

209 1145 287 1211 dent
310 1143 442 1208 tandem
466 1141 537 1207 dira
564 1141 697 1207 numina
723 1141 861 1206 terribili
888 1141 1020 1206 fremitu
1048 1142 1088 1206 ad
1116 1145 1229 1228 gravia
1257 1145 1375 1210 atrocis
1398 1145 1532 1237 umbrae
1555 1147 1780 1232 incitamenta,
1810 1153 1908 1216 totius
1937 1151 2041 1216 nostri

208 1251 271 1314 loci
295 1249 388 1333 quasi
411 1247 578 1332 fastigium
603 1253 636 1310 et
658 1265 816 1310 summam
840 1245 1022 1310 senonicam
1047 1245 1111 1310 vim
1136 1249 1244 1333 posita
1268 1268 1342 1314 esse
1366 1271 1495 1315 censeo.

316 1351 368 1415 De
385 1350 509 1438 parodo
526 1349 710 1415 dellnienda
734 1370 807 1413 oum
830 1347 905 1414 inde
930 1348 997 1414 fers
1021 1349 1063 1414 ab
1086 1350 1274 1418 Aristotelis
1291 1355 1493 1440 temporibus
1517 1359 1565 1420 tot
1588 1363 1621 1422 et
1644 1356 1821 1422 tamdocti
1845 1357 1905 1422 riri
1927 1355 2040 1446 dispu-

210 1458 352 1524 taverint
385 1477 491 1542 neque
525 1455 609 1541 quod
632 1454 804 1556 1υλασυιυί
838 1453 1040 1519 dubitatione
1070 1475 1209 1520 vacuum
1240 1478 1314 1522 esse
1347 1456 1498 1522 videatur
1526 1459 1737 1545 protulerint,
1773 1459 1922 1545 squidem
1954 1481 2038 1546 quae

211 1583 253 1626 ex
275 1560 355 1648 ipsis
377 1560 566 1626 Aristotelis
588 1558 629 1623 de
654 1579 695 1624 ea
717 1579 751 1622 re
775 1557 899 1634 verbis,
923 1556 1041 1642 quibus
1065 1559 1208 1624 maxima
1230 1561 1343 1646 utiquc
1366 1562 1545 1628 auctoritas
1569 1571 1618 1628 est
1640 1564 1821 1644 tribuenda,
1843 1563 2041 1629 excutienda

209 1689 283 1733 esse
308 1686 472 1745 censeam,
496 1663 614 1728 deinde
638 1669 795 1748 quantum
818 1661 902 1726 haec
926 1661 967 1726 ad
991 1668 1136 1727 nostrum
1155 1664 1316 1728 canticum
1333 1666 1475 1745 valeant,
1499 1666 1809 1755 quambrevissims
1828 1667 2038 1754 sxpnmm‘).

208 1771 405 1838 Aristoteles
427 1768 528 1853 igitur
551 1767 584 1832 in
608 1767 718 1858 capite
734 1768 773 1830 12
797 1764 917 1847 libril),
942 1766 996 1850 qui
1019 1757 1207 1832 inscribitur
1230 1766 1309 1854 περὶ
1327 1771 1517 1858 μσιιγιιιιῆς,
1542 1771 1738 1838 haecdicit:
1762 1776 1883 1858 ‘partes
1907 1778 2039 1858 tragoe-

211 1875 285 1940 dieo
416 1871 597 1938 seeundum
618 1869 847 1958 quantitatem,
873 1873 906 1932 et
927 1869 960 1932 iu
984 1890 1064 1954 quas
1089 1867 1244 1935 dividitur
1266 1879 1455 1958 separatas,
1479 1872 1541 1938 hae
1566 1881 1653 1940 suut:
1678 1875 1833 1962 prologus
1856 1874 2038 1963 episodium

210 1977 336 2043 exodus
362 1975 539 2054 eboricum,
563 1981 597 2040 et
620 1974 716 2038 buius
741 1971 871 2059 quidem
894 1970 982 2036 aliud
1005 1971 1149 2059 paredus
1172 1974 1259 2039 aliud
1283 1976 1469 2058 stasimurn,
1500 1979 1684 2044 communia
1712 1979 1794 2045 haec
1817 1979 1948 2066 quidem
1972 1977 2057 2042 om·'

212 2083 318 2160 nium,
346 2079 477 2168 propria
500 2085 610 2144 autem
635 2098 718 2164 quae
743 2098 762 2141 a
785 2096 905 2141 scaena
926 2083 1100 2142 cantantur
1124 2084 1157 2141 et
1180 2076 1318 2143 commi’.
1363 2077 1487 2145 Facere
1511 2081 1597 2146 enim
1619 2103 1683 2147 non
1705 2103 1858 2169 possum,
1882 2090 1919 2147 ut
1940 2082 2042 2147 rerba

188 2185 270 2252 ,ills
291 2180 385 2251 κοινὰ
406 2182 466 2267 μὲν
489 2175 646 2248 ἁπάντων
667 2182 772 2251 ταῦτα
797 2179 838 2245 ad
861 2180 1019 2267 paredum
1043 2185 1077 2247 et
1100 2182 1270 2246 stasimum
1294 2189 1421 2250 tanturn
1437 2184 1589 2266 referam,
1613 2207 1697 2268 cum,
1721 2187 1748 2250 si
1762 2187 1824 2252 hoc
1848 2187 1978 2264 leceris,
1999 2179 2041 2250 τὰ

209 2281 282 2354 ἀπὸ
305 2288 424 2376 σιιηνῆς
447 2295 480 2353 et
502 2281 650 2371 κόμμσος
678 2307 736 2372 pro
759 2281 907 2373 partibus
929 2285 989 2352 τσῦ
1010 2287 1143 2370 χορικοῦ
1167 2286 1291 2351 habeas
1313 2307 1451 2352 necesse
1474 2288 1527 2353 sit.
1573 2289 1617 2353 At
1637 2309 1743 2374 neque
1766 2286 1807 2355 τὰ
1831 2283 1901 2355 ἀπὸ
1924 2287 2043 2377 σκηνῆς

210 2397 287 2457 sunt
308 2385 433 2479 χσριιισί,
458 2410 532 2455 curn
555 2390 597 2454 ab
621 2389 833 2455 histrionibus
855 2395 1040 2470 cantentur,
1064 2410 1181 2476 nequa,
1206 2389 1233 2454 si
1257 2392 1441 2459 accuratius
1465 2391 1663 2472 distinxeris,
1686 2389 1719 2459 σί
1742 2389 1875 2478 κόμμοι,
1901 2394 1953 2458 vel
1977 2411 2042 2456 non

210 2517 334 2575 omnes,
358 2495 417 2560 sed
441 2501 527 2575 sunt,
550 2501 588 2558 ut
610 2493 694 2558 infra
717 2493 847 2579 legitur,
864 2495 1056 2578 plerumque
1073 2491 1178 2558 aaroni
1199 2492 1306 2577 χοροῦ,
1330 2491 1387 2559 καὶ
1411 2485 1481 2560 ἀπὸ
1505 2495 1632 2583 στηνῆς.
1677 2496 1729 2561 Ad
1753 2489 2041 2562 dedecorantem

210 2620 318 2685 neque
343 2592 518 2683 δραμάτιον
541 2596 658 2676 σδίσίο,
683 2618 755 2662 cum
780 2597 820 2662 ds
845 2597 1023 2683 tragoediis
1047 2594 1125 2660 solis
1150 2603 1278 2681 agatur,
1300 2617 1406 2682 neque
1428 2598 1607 2680 χορευτῶν,
1631 2599 1689 2666 sed
1711 2600 1976 2687 τραγῳδοποιῶν,
2001 2599 2042 2664 αδ

209 2700 465 2788 ναῦται-μέρη,
490 2701 576 2768 idem
592 2701 633 2768 ad
649 2695 730 2765 ἴδια.
768 2698 884 2783 Itaque
901 2698 983 2763 haec
1000 2698 1230 2785 philosophum
1253 2699 1362 2766 dicere
1378 2701 1548 2786 intellego:
1573 2708 1684 2788 partes
1708 2702 1898 2789 tragoediae
1922 2753 1955 2769 ..
1978 2703 2042 2768 boo

210 2813 302 2872 sunt:
327 2807 480 2894 prologus
504 2805 685 2892 episodium
710 2801 834 2870 exodus
859 2801 1025 2867 chorioum
1048 2801 1082 2886 (i.
1100 2823 1128 2866 e.
1152 2801 1295 2890 paredus
1319 2809 1353 2868 et
1375 2803 1574 2890 stasimum),
1604 2811 1638 2871 et
1660 2805 1724 2872 hae
1746 2807 1876 2892 quidem
1900 2807 2042 2872 omnium

209 2930 418 2986 communem
449 2909 633 2994 singulares
657 2913 786 2987 autem,
810 2906 928 2993 quibus
963 2912 1020 2971 aut
1048 2926 1113 2971 nou
1146 2925 1259 2972 omues
1288 2913 1345 2972 aut
1368 2928 1434 2972 nou
1457 2927 1589 2994 semper
1610 2917 1744 2975 utantur
1766 2917 1885 2996 poetae
1908 2909 2041 2997 tragici:

207 3008 254 3077 τὰ
277 3005 347 3081 rinei
371 3014 490 3102 σκηνῆς
512 3019 545 3077 et
568 3014 694 3078 commi.
740 3011 862 3076 Earum
885 3010 984 3095 igitur
1006 3011 1163 3096 partium,
1199 3027 1272 3074 oum
1300 3030 1366 3076 non
1397 3013 1461 3076 sint
1484 3012 1709 3092 necessariae,
1732 3014 1765 3077 in
1788 3013 1964 3100 proximis,
1987 3011 2042 3078 ubi

210 3119 281 3182 suis
316 3138 465 3204 quaeque
499 3117 581 3182 locis
611 3117 825 3197 collocantur,
858 3115 940 3179 ratio
967 3135 1032 3179 non
1062 3114 1210 3179 habetur.
1263 3111 1346 3178 oum
1374 3121 1491 3200 pergat
1520 3114 1639 3182 deinde
1667 3117 1879 3182 Aristoteles:
1914 3111 2044 3182 ἔστιδὲ

208 3216 375 3306 πρόλογος
396 3246 425 3287 κ.
439 3245 469 3285 τ.
486 3220 525 3300 λ,
548 3222 686 3308 primum
705 3220 834 3308 quidem
861 3241 904 3285 ex
927 3219 976 3284 his
1002 3227 1140 3306 apparet
1156 3217 1314 3304 paredum
1337 3217 1379 3283 ab
1396 3219 1574 3284 Aristotele
1598 3220 1763 3285 numerari
1786 3220 1819 3284 in
1842 3215 1932 3298 ὅλοις
1952 3243 2042 3306 χορι-

207 3328 282 3402 κοῖς
302 3322 452 3408 μέλεσιν,
476 3327 525 3391 sin
547 3325 668 3407 minus,
693 3346 732 3390 ea
755 3322 945 3409 tragoediae
972 3344 1063 3409 pars,
1092 3342 1176 3407 quae
1214 3328 1265 3388 ost
1287 3323 1374 3389 inter
1395 3323 1554 3410 paredum
1577 3329 1611 3389 et
1633 3324 1771 3411 primum
1795 3325 1966 3389 stasimum
1990 3323 2042 3389 vel

207 3424 289 3495 ὅλον
310 3425 439 3514 χορικὸν
459 3427 574 3511 μέλος,
598 3428 778 3494 excidisset
801 3429 840 3509 ei,
863 3427 925 3492 nisi
949 3447 1081 3512 semper
1102 3426 1247 3513 paredus
1271 3447 1345 3492 oum
1368 3427 1434 3491 alio
1459 3427 1549 3492 ebori
1571 3429 1714 3492 carmine
1737 3427 1912 3492 coniuncta
1935 3432 2042 3492 esset:

207 3553 347 3618 quarum
370 3553 477 3598 rerum
501 3539 617 3598 neutra
639 3538 750 3619 potest
773 3530 910 3596 admitti.
955 3531 1002 3596 nt
1024 3529 1100 3616 quid
1132 3529 1296 3611 estillud
1325 3525 1400 3596 ὅλον
1421 3527 1535 3616 μέρος,
1567 3526 1830 3614 οιὸλονμόλσς,
1856 3530 2042 3616 etquidem

205 3631 287 3702 ὅλον·
309 3631 393 3702 κατὰ
415 3631 454 3704 τὸ
477 3633 604 3704 noodr?
628 3637 708 3702 nihil
732 3636 830 3715 aliud,
859 3634 966 3717 credo,
983 3655 1080 3720 quam
1098 3631 1281 3720 ‘integrum’
1299 3635 1351 3699 vel
1372 3635 1501 3719 planius
1518 3632 1740 3716 ‘continuum’,
1763 3639 1909 3699 nostrum
1926 3629 2041 3720 ‘ganz'.

205 3739 316 3804 Recte
339 3742 438 3826 igitur
459 3741 614 3828 prologus
638 3741 821 3828 episodium
853 3737 979 3805 exodus
1003 3737 1177 3802 continuas
1203 3735 1392 3824 tragoediae
1414 3745 1527 3824 partes
1550 3736 1711 3817 dicuntur,
1736 3757 1809 3801 cum
1833 3737 1962 3802 chorios
1984 3757 2044 3822 per

1998 3855 2015 3882 q

207 3881 245 3888 ι.-
260 3881 350 3888 ----—-
370 3881 488 3890 *-—--.
502 3883 622 3890 ...-...,...

315 3947 337 4009 ⁵)
725 3947 768 3998 oa.
795 3943 892 4016 γραῖαι
908 3939 1021 3996 παλαιαί
1040 3939 1143 4006 παῖδες,
1162 3933 1205 3999 αίς
1222 3937 1255 3992 στί
1271 3939 1402 4011 μίγνυται

793 4033 868 4085 θεῶν
886 4049 925 4090 τις
942 4027 998 4082 οὔτ’
1017 4025 1162 4100 ἄνθρωπος
1179 4026 1242 4082 orire
1259 4025 1314 4100 δῆρ
1331 4043 1406 4080 ποτε·

796 4119 888 4171 κακῶν
906 4117 934 4169 δ’
953 4117 1028 4170 ἕκατι
1046 4110 1196 4184 κάγένοντ’,
1214 4111 1274 4168 ἐπεί
1290 4112 1375 4167 κακόν

797 4205 895 4259 σκότον
912 4205 1043 4275 νέμονται
1063 4201 1203 4275 Τάρταρόν
1219 4203 1248 4254 δ’
1267 4201 1320 4254 δπδ
1337 4200 1447 4270 χθονός,

727 4293 767 4348 73.
794 4291 926 4362 μισήματ’
946 4287 1055 4360 ἀνδρῶν
1072 4287 1115 4344 καί
1135 4289 1210 4342 θεῶν
1226 4284 1381 4358 Ὀλυμπίων.

316 4389 339 4459 ι)
368 4389 425 4446 Ησσ
444 4389 533 4445 satius
552 4403 610 4443 osse
629 4405 739 4450 censeo,
763 4405 847 4458 quam
867 4403 961 4440 eorum
980 4388 1138 4440 commenta
1155 4383 1246 4454 sequi,
1271 4382 1319 4452 qui
1339 4385 1429 4436 totum
1451 4379 1521 4435 illud
1541 4382 1627 4449 caput
1646 4379 1682 4434 ab
1701 4380 1852 4436 Anatotole
1869 4379 2040 4436 subindicant

203 4479 340 4534 Cetcmm
359 4495 445 4534 suone
463 4479 524 4534 loco
542 4477 580 4532 sit
597 4477 729 4546 positum,
748 4475 784 4530 ad
804 4477 925 4529 nostram
951 4472 1144 4541 quaestionem
1161 4469 1234 4526 nihil
1253 4469 1344 4524 refert.

304 4577 337 4640 ,1)
362 4575 433 4646 μέρη
451 4573 481 4626 δὲ
500 4572 720 4645 τραγῳδίας...
739 4569 808 4624 κατιί
826 4571 857 4624 τό
874 4569 976 4635 ποσόν,
1000 4566 1046 4620 καί
1069 4569 1106 4627 είς
1130 4565 1149 4620 δ
1166 4565 1316 4638 διαιρεῖται
1334 4563 1536 4634 κεχωρισμένα,
1559 4560 1625 4614 uide
1645 4561 1713 4626 ἐστί,
1737 4562 1872 4634 πρόλογος
1889 4561 2044 4618 ἐπεισόδιον

203 4661 305 4722 ἔξοδος
325 4662 446 4732 χορικόν,
468 4659 514 4714 καί
532 4658 629 4714 τούτου
647 4658 679 4713 ιδ
696 4659 749 4729 μὲν
771 4655 889 4726 πάροδος
910 4656 940 4708 ro*
958 4655 987 4707 δὲ
1007 4652 1150 4725 στάσιμον,
1172 4652 1251 4705 τσινιὶ
1272 4649 1325 4723 μίν
1343 4649 1472 4702 ιίπιίντων
1489 4648 1588 4712 ταῦτα,
1611 4647 1670 4700 ἴδια
1693 4649 1721 4700 δὲ
1745 4647 1779 4702 ιδ
1801 4645 1856 4702 α’πδ
1874 4652 1975 4718 σκηνῆς
1998 4647 2043 4702 καί

204 4749 322 4822 κόμμσι,
359 4747 416 4801 ἔστι
434 4748 464 4801 δὲ
481 4747 615 4821 πρόλογος
633 4748 686 4817 μὲν
702 4747 786 4816 μέρος
803 4740 867 4798 ὅλον
886 4741 1041 4814 τραγῳδίας
1058 4740 1089 4794 ιδ
1109 4740 1163 4813 πριί
1183 4741 1269 4810 γσρσῦ
1287 4737 1416 4806 παρόδου,
1436 4735 1590 4788 ἐπεισόδιον
1609 4735 1639 4788 δὲ
1656 4736 1740 4806 μέρος
1757 4733 1821 4789 ὅλον
1840 4733 1993 4808 τραγῳδίας
2010 4735 2043 4787 τό

202 4835 316 4912 porrecte*
337 4833 408 4890 ὅλων
424 4835 545 4906 χορικῶν
562 4835 662 4905 μελῶν,
685 4829 778 4892 ἔξοδος
795 4829 824 4882 δὲ
842 4831 925 4902 μέρος
943 4827 1006 4882 ὅλσν
1025 4827 1179 4899 τραγῳδίας
1194 4825 1260 4897 μεθ’
1279 4823 1295 4875 ὅ
1312 4820 1362 4876 σιίκ
1380 4821 1436 4876 ἔστι
1453 4823 1539 4894 χσροδ
1557 4821 1649 4891 μέλος,
1675 4822 1790 4890 paparoni
1807 4820 1837 4873 δὲ
1855 4819 1975 4894 πτίρσδσς
1990 4821 2045 4890 μὲν

203 4925 227 4996 q‘
241 4922 336 4997 πρώτη
353 4923 422 4982 λέξις
438 4918 502 4976 ὅλου
519 4923 613 4992 poponi,
632 4919 767 4990 στάσιμον
786 4919 815 4970 δὲ
827 4917 908 4987 μέλος
919 4917 1008 4984 χοροῦ
1026 4913 1056 4968 ui
1075 4912 1141 4968 τίνειν
1154 4909 1325 5003 ιίναπαίστου
1344 4910 1387 4964 καί
1408 4909 1544 4980 τροχαίου,
1563 4909 1670 4981 κόμμος
1688 4911 1720 4962 δι’
1737 4909 1839 4982 θρῆνος
1852 4909 1943 4970 κοινός
1959 4911 2046 4980 χοροῦ

202 5033 253 5066 και
275 5029 330 5064 απσ
348 5030 455 5080 σκηνῆς,
