4602 5640
1178 321 1197 384 8

1086 413 1288 421 —-—-—-—-—-

271 537 476 604 cantaveriut
499 546 596 626 atque
621 541 717 606 minis
738 541 868 608 demum
886 543 1046 629 Apollinis
1069 544 1145 608 inde
1163 543 1382 628 expellantur.
1428 538 1479 604 Ita
1502 545 1611 604 autem
1628 540 1754 625 reliqua
1771 559 1899 626 quoquo
1918 539 1987 604 eius
2004 537 2104 602 verba

270 649 358 708 recto
387 665 422 708 se
446 643 585 718 habent;
614 645 766 709 conviciis
795 645 882 710 enim
904 647 1064 712 abeuntes
1089 647 1241 733 persequi
1264 665 1328 710 nou
1352 645 1508 732 ineptum.
1554 643 1670 728 Neque
1696 663 1772 708 vere
1797 649 1897 707 totam
1922 642 2102 706 orationem

271 746 304 811 iu
331 767 370 814 eo
401 747 528 812 absolvi
557 749 669 826 erede,
700 747 759 813 sed
789 771 861 814 earu
889 751 958 815 fere
982 759 1122 837 partem,
1152 771 1235 835 quae
1259 769 1361 834 usque
1384 748 1427 815 ad
1449 769 1497 811 rs.
1518 747 1629 832 19211)
1654 748 1871 812 continuatur.
1915 745 1992 830 Ipse
2017 746 2103 810 cuim

269 849 399 936 Apollo,
417 850 443 914 si
460 849 535 936 quid
549 851 655 929 video,
672 851 788 917 Furias
805 853 965 918 abeuntes
982 856 1132 940 sequitur
1147 855 1180 918 in
1195 853 1434 940 proscaenium,
1450 850 1527 916 dum
1543 851 1619 916 illae
1636 851 1669 916 in
1686 851 1888 916 orchestram
1900 849 2105 918 descendunt

271 960 305 1020 et
329 975 371 1018 cx
394 953 533 1020 adverso
558 957 748 1022 consistunt.
795 957 864 1022 lam
890 978 962 1022 curn
987 965 1100 1022 contra
1123 959 1277 1036 intuetur,
1301 977 1381 1041 quas
1404 977 1424 1019 a
1447 963 1539 1040 tergo
1563 955 1769 1040 potissimum
1793 953 1899 1019 adhuc
1922 934 2103 1040 conspexit.

271 1062 304 1122 at
325 1056 424 1123 foeda
446 1079 501 1122 ora
524 1060 672 1146 percipit,
696 1062 804 1145 pergit
825 1061 916 1126 hisee
941 1061 1066 1126 uerbis:
1096 1060 1165 1138 πᾶς
1180 1059 1208 1125 δ’
1225 1052 1399 1146 ὑφηγεῖται
1415 1081 1443 1126 κ.
1459 1084 1487 1124 τ.
1503 1060 1533 1124 λ.
1572 1058 1685 1146 Neque
1703 1054 1875 1144 πλησίοισι
1893 1055 1985 1142 (193)
2003 1077 2101 1122 νοεο-

273 1159 400 1241 bulum,
429 1181 493 1248 quo
516 1163 720 1248 potissimum
744 1163 953 1230 Hermanuus
978 1164 1017 1228 ad
1043 1186 1135 1229 suam
1160 1164 1357 1228 sententiam
1382 1169 1433 1227 est
1455 1161 1630 1244 adductus,
1661 1183 1746 1227 nuuc
1771 1160 1922 1242 offendit,
1953 1161 2102 1246 quoniam

272 1263 392 1331 Furiae
415 1266 446 1330 in
463 1266 642 1347 orchestra,
667 1274 700 1331 et
724 1268 794 1352 ipse
811 1267 931 1352 Apollo
955 1273 1031 1332 autc
1054 1267 1142 1330 fores
1159 1266 1273 1352 templi
1298 1272 1372 1330 stat.
1418 1265 1511 1348 Quod
1535 1275 1644 1330 autem
1669 1265 1760 1330 addit
1782 1265 1864 1330 dous
1880 1263 2006 1348 χωρεῖτ’
2029 1256 2103 1330 ε’ίυει·

270 1370 410 1456 βοτῆρος
433 1371 538 1452 (lat),
567 1369 630 1435 hoc
658 1369 698 1435 de
727 1371 835 1436 futuro
858 1369 1030 1435 Furiarum
1053 1370 1171 1435 itinere
1202 1369 1279 1434 dicit
1307 1391 1413 1455 neque
1442 1377 1508 1434 tam
1532 1371 1676 1454 graviter
1703 1369 1767 1433 fert
1796 1389 1851 1434 eas
1880 1369 1913 1432 iu
1937 1361 2103 1454 περιβόλφ

273 1479 452 1554 versantes,
476 1480 599 1538 utnon
623 1473 767 1538 breviter
790 1472 993 1558 colloquendi
1017 1474 1144 1558 copiam
1168 1474 1207 1538 iis
1231 1474 1343 1538 faciat.

379 1575 497 1644 Restat
519 1583 555 1642 ut
579 1577 619 1642 de
643 1598 754 1642 eorum
778 1579 942 1643 sententia
966 1579 1078 1664 paucis
1102 1578 1274 1657 disseram,
1297 1577 1351 1662 qui
1374 1584 1500 1662 partem
1524 1575 1687 1662 quandam
1709 1575 1880 1640 Furiarum
1905 1577 1991 1640 inter
2014 1575 2103 1662 ipsas

273 1679 443 1745 cantiones
471 1681 504 1746 iu
534 1679 735 1746 orchestram
764 1680 974 1746 descendisse
1006 1687 1167 1762 statuunt,
1197 1689 1324 1767 partem
1355 1680 1490 1745 alteram
1520 1680 1733 1760 remansisse,
1764 1684 1799 1744 ut
1828 1679 1950 1744 habeat
1971 1678 2103 1766 Apollo,

273 1803 354 1868 quas
378 1784 535 1870 expellat.
580 1783 708 1858 Quibus
733 1806 773 1850 na
798 1785 961 1850 assentiar
983 1785 1044 1849 hac
1069 1786 1197 1850 ratione
1220 1784 1391 1872 impedior.
1436 1783 1588 1850 Facundi
1612 1807 1630 1850 s
1653 1785 1778 1871 templo
1797 1785 1924 1850 iniussu
1939 1783 2103 1870 Apollinis

272 1886 379 1952 Furiis
407 1888 475 1952 alia
496 1907 595 1952 causa
618 1908 692 1953 esse
717 1909 783 1952 nou
804 1895 951 1975 poterat,
983 1911 1078 1975 quam
1101 1895 1138 1953 ut
1161 1897 1437 1976 persequerentur
1460 1888 1619 1953 Orestem.
1665 1888 1771 1963 Quam
1796 1889 2003 1954 renationem
2026 1889 2104 1974 quin

271 1990 391 2056 iterum
415 1992 479 2056 sint
501 1999 714 2078 suscepturae
731 2013 928 2080 quamquam
951 2014 1016 2058 non
1039 2001 1089 2058 est
1113 1993 1258 2074 dubium,
1283 1995 1393 2059 statim
1417 2015 1474 2058 eas
1498 1993 1660 2080 proficisci
1675 1993 1809 2058 minime
1826 1991 1993 2058 credibile.
2031 1991 2104 2056 Hae

274 2095 360 2160 euim
389 2095 461 2160 heri
487 2095 576 2160 nullo
604 2101 700 2181 paeto
727 2103 855 2181 poterat
878 2097 940 2162 nisi
963 2119 1035 2163 oum
1059 2098 1170 2186 aliqua
1193 2099 1418 2164 cohortatione
1441 2103 1498 2163 aut
1519 2097 1697 2162 voluntatis
1722 2095 1937 2182 professione,
1961 2101 1998 2159 ut
2020 2096 2104 2160 inira

273 2199 421 2284 pluribus
451 2197 590 2284 locis12).
641 2199 757 2266 'Fctum
788 2207 897 2266 autern
931 2202 1019 2266 chori
1050 2223 1181 2267 carmen
1210 2202 1368 2268 eiusmodi
1397 2203 1580 2269 sententiae
1617 2202 1741 2266 nullum
1771 2201 1899 2266 omnino
1929 2200 2104 2284 vestigium

274 2300 422 2384 exhibet,
445 2302 503 2368 sed
527 2303 571 2392 pil
595 2304 656 2368 nisi
679 2303 897 2370 decrescentis
919 2304 1090 2391 paullatim
1114 2306 1271 2371 tumultus
1296 2311 1330 2371 et
1352 2307 1420 2372 irae
1443 2307 1712 2392 descriptionem,
1734 2306 1782 2370 ita
1804 2311 1840 2370 ut
1863 2305 1978 2370 tertiae
2002 2303 2105 2390 partis

274 2427 387 2482 versus
412 2428 470 2492 pro
494 2409 611 2472 ceteris
637 2408 701 2472 sint
725 2407 932 2475 sedatissimi.
977 2405 1063 2480 Quin
1084 2411 1183 2474 otiam
1204 2408 1287 2474 adeo
1310 2429 1374 2474 non
1397 2415 1572 2496 properato
1597 2431 1679 2495 opus
1704 2415 1754 2474 est
1777 2407 1900 2486 Furiis,
1927 2413 1964 2472 ut
1988 2415 2106 2493 postea

275 2532 336 2576 sua
358 2517 474 2596 sponte
498 2513 693 2598 colloquium
717 2511 803 2577 haud
831 2515 879 2578 ita
906 2513 1007 2578 breve
1034 2513 1207 2578 instituant
1236 2535 1309 2578 oum
1337 2513 1498 2599 Apolline.
1552 2511 1647 2587 Quod
1676 2513 1702 2577 si
1725 2512 1841 2578 Furias
1865 2517 2105 2578 commorantes

275 2615 307 2680 in
331 2615 453 2700 templo
476 2615 578 2696 lacis,
602 2614 704 2682 donce
727 2617 889 2682 eiciuntur
918 2616 960 2681 ab
982 2616 1156 2702 Apolline,
1180 2623 1247 2680 tum
1272 2637 1314 2680 ex
1338 2616 1507 2681 orchestra
1530 2637 1603 2680 cum
1627 2638 1666 2680 eo
1691 2616 1904 2698 altercantes,
1928 2612 2103 2681 ostenden-

275 2717 350 2782 dum
370 2724 430 2782 est
459 2740 478 2781 a
506 2740 558 2783 me
586 2721 665 2784 satis
692 2721 824 2806 longum
850 2725 978 2806 tempus
1002 2720 1043 2784 iis
1067 2740 1139 2784 esse
1163 2717 1384 2784 descendendi
1409 2725 1443 2783 et
1466 2718 1688 2800 consistendi,
1710 2719 1787 2784 dum
1809 2719 1928 2807 Apollo
1951 2717 2106 2806 loquitur.

278 2821 328 2888 Aa
350 2821 489 2908 primum
513 2823 600 2908 quod
623 2842 723 2910 supra
745 2829 923 2909 auguratus
946 2841 1017 2888 sum
1035 2823 1196 2909 Apollinis
1219 2823 1334 2888 verba:
1359 2823 1428 2901 πός
1453 2823 1482 2888 δ’
1506 2815 1679 2910 ίφηγεῖται
1693 2817 1818 2910 τρόπος
1839 2823 1971 2910 μορφῆς
1991 2822 2105 2886 ἐλίοἱιο

277 2925 369 3012 quasi
393 2946 466 2990 esse
491 2933 627 3011 aspectu
650 2926 822 2992 Furiarum
845 2924 995 3006 adversa,
1019 2925 1061 2991 ad
1084 2925 1145 2990 hoc
1169 2928 1248 2990 satis
1273 2933 1441 2992 estunam
1466 2928 1529 2992 iam
1560 2929 1579 2992 i.
1604 2947 1631 2993 c.
1665 2928 1883 3014 coryphaeum
1912 2926 2105 3013 pervenisse

276 3028 317 3092 in'
333 3028 536 3093 orchestram
560 3035 594 3094 et
616 3051 673 3094 suo
696 3031 770 3096 loco
795 3032 998 3110 constitisse,
1024 3050 1096 3094 cum
1122 3036 1252 3095 ceterae
1283 3030 1442 3117 deinceps
1465 3033 1715 3117 subsequantur.
1762 3029 1969 3097 Praecedunt
1992 3036 2102 3094 autem

276 3131 332 3196 illa
355 3132 457 3196 verba
479 3152 593 3198 versus
621 3136 659 3196 13
683 3139 739 3198 aut
763 3173 801 3180 —
826 3155 900 3198 mea
928 3135 1096 3198 voluntate
1121 3171 1160 3182 —
1188 3135 1241 3208 12;
1273 3155 1354 3219 quos
1384 3137 1410 3199 si
1434 3156 1491 3221 pro
1515 3133 1726 3223 ίμβοτηρίοις
1748 3144 1913 3221 tamquam
1935 3134 2104 3210 ducemus,

271 3222 319 3298 ,36
342 3235 563 3300 Romanorum
595 3256 712 3322 passus
742 3245 798 3302 aut
822 3242 862 3302 60
886 3238 954 3304 iere
978 3240 1169 3304 nostratium
1192 3225 1297 3304 metra
1319 3239 1517 3320 efficiemus,
1541 3261 1624 3325 quae
1653 3242 1724 3326 quis
1753 3261 1792 3305 eo
1817 3239 1973 3326 temporis
1998 3237 2105 3324 spatio

277 3339 375 3403 solito
399 3339 529 3404 incessu
552 3346 730 3426 percurrat.
775 3341 818 3406 Et
842 3342 903 3407 hoc
926 3343 1004 3407 satis
1028 3364 1102 3408 esse
1126 3364 1298 3431 superque,
1321 3350 1357 3407 ut
1380 3365 1397 3408 e
1421 3345 1612 3428 proscaenio
1636 3365 1695 3430 per
1717 3345 1823 3409 scalas
1844 3341 2052 3432 hyposeaeuii
2075 3339 2106 3404 in

279 3441 480 3506 orchestram
504 3441 545 3506 ad
569 3443 736 3528 thymelen
760 3446 944 3532 pervenias,
966 3445 1105 3512 confido.
1150 3446 1200 3510 uo
1223 3447 1328 3530 magis
1351 3446 1479 3525 Furias,
1504 3467 1584 3532 quas
1608 3449 1768 3512 concitato
1797 3467 1894 3511 cursu
1917 3445 2032 3530 fugero
2057 3449 2108 3507 est

279 3553 545 3626 cousentaneum,
568 3547 649 3612 illud
671 3548 733 3612 iter
755 3569 852 3634 posse
876 3550 1036 3614 conficere
1062 3548 1242 3614 credemus.
1288 3547 1424 3614 Abeunt
1446 3557 1556 3614 autem
1580 3551 1657 3615 iude
1679 3573 1738 3636 per
1760 3551 1947 3616 orchestrae
1964 3547 2106 3612 exodum

278 3647 311 3732 (i.
337 3671 366 3715 a.
396 3648 553 3734 paredum
584 3671 604 3713 a
635 3652 876 3736 spectatoribus
905 3653 1101 3738 sinistram),
1131 3658 1302 3737 postquam
1334 3653 1416 3717 dixit
1444 3654 1645 3740 coryphaea:
1676 3649 1737 3739 ε’γιδ
1761 3652 1790 3718 δ’
1808 3703 1840 3718 ..
1863 3650 1994 3736 μέτειμι
2016 3645 2108 3716 τόνδε

279 3751 388 3840 φοίτα,
422 3759 457 3818 ut
490 3760 605 3839 postea
637 3755 774 3820 redeant
805 3776 862 3841 per
893 3756 1061 3842 paredum.
1116 3757 1304 3841 Sequuntur
1325 3760 1393 3821 tres
1417 3757 1580 3843 Apollinis
1604 3779 1734 3838 vorsus,
1758 3758 1813 3845 qui
1836 3763 2009 3844 postquam
2035 3755 2106 3840 ipsc

278 3855 370 3931 abiit,
394 3861 566 3923 vertuntur
588 3859 765 3944 periectas,
790 3881 930 3925 scaenae
954 3857 991 3924 fit
1013 3859 1159 3938 mutatio,
1184 3858 1291 3944 prodit
1315 3859 1459 3924 Orestes.

385 3959 452 4025 Iam
482 3983 558 4026 vero
583 3963 770 4049 priusquam
794 3964 948 4029 accedam
972 3963 1014 4029 ad
1038 3963 1177 4027 aiterum
1201 3963 1412 4049 propositum,
1437 3970 1473 4028 ut
1496 3964 1577 4029 loeis
1602 3965 1777 4044 nonnullis,
1801 3964 1920 4050 quibus
1937 3982 2018 4048 opus
2035 3983 2107 4026 csso

278 4062 384 4127 visum
414 4070 480 4144 ost,
516 4063 661 4130 criticam
689 4075 721 4132 ct
749 4066 944 4154 explanandi
976 4065 1136 4131 interdum
1167 4088 1299 4151 operam
1326 4089 1458 4141 navem,
1494 4070 1689 4134 sententiam
1714 4069 1878 4156 proferam
1905 4071 2107 4153 spectantem

279 4158 409 4252 quidem
434 4168 474 4231 ad
499 4168 656 4234 rationem
680 4172 836 4253 criticam,
861 4194 943 4258 quae
969 4192 1008 4234 ne
1033 4171 1088 4234 vix
1113 4171 1263 4255 cuiquam
1287 4173 1417 4256 placeat
1432 4193 1556 4238 vereor.
1593 4171 1747 4237 Attamen
1765 4179 1815 4237 est
1838 4169 1986 4238 dicenda.
2026 4168 2108 4232 Nam

382 4374 417 4438 n)
783 4377 839 4430 192.
860 4415 966 4430 ......
982 4416 987 4428 .
1007 4375 1059 4432 πῖις
1077 4373 1101 4424 δ
1118 4373 1269 4441 ὑφηγεῖται
1286 4373 1385 4442 τρόπος

857 4461 976 4534 μορφῆς.
1013 4462 1120 4518 λιόντος
1139 4456 1239 4530 ε’ῖντρυν
1257 4460 1467 4530 αἱματορρόφου

861 4548 946 4602 οἰκεῖν
963 4547 1089 4605 τοιαύτας
1107 4545 1185 4610 εἰκός,
1204 4541 1236 4599 ου’
1253 4546 1428 4619 χρηστηρίοις

859 4635 889 4688 ἐν
908 4633 998 4689 τοῖσδε
1016 4631 1153 4701 πλησίοισι
1171 4631 1313 4704 τρίβεσθαι
1329 4631 1423 4701 μίσος.

785 4721 842 4777 196.
858 4721 968 4792 χωρεῖτ’
987 4717 1052 4774 ἄνευ
1069 4720 1183 4790 βοτῆρος
1199 4719 1403 4790 αἰπολούμεναι.

721 4828 779 4883 230.
797 4826 839 4881 31.
857 4825 913 4894 ίγοί
931 4825 956 4876 δ’
972 4867 996 4880 ..
1013 4827 1124 4896 μέτειμι
1142 4823 1222 4878 τόνδε
1240 4826 1328 4894 φῶτα.

783 4911 841 4966 246.
861 4910 928 4964 ἕπου
946 4911 977 4964 δὲ
993 4914 1149 4982 μηνυτῆρος
1167 4905 1329 4982 ἀφθέγκτου
1348 4909 1476 4979 φραδαῖς.

783 4999 841 5054 255.
860 4994 912 5066 ὅρα
930 4994 1062 5066 hesperii*
1082 4985 1117 5051 αδ
1134 4996 1277 5051 Ardeates
1294 4995 1391 5049 πάντα.
1456 5013 1458 5018 ·
