4602 5640
1209 293 1247 353 to

1125 381 1330 390 ——.--——·

312 529 418 595 usque
442 529 521 594 prae
547 509 705 594 proximis
729 507 861 594 δευτέρα
884 506 959 576 τόδε
982 529 1055 576 cum
1080 512 1135 578 illo
1159 513 1312 597 coniungi
1334 515 1452 597 potest.
1498 509 1614 596 Neque
1638 513 1738 590 enirn,
1767 513 1795 575 si
1819 533 1889 578 erun
1915 513 2082 578 Schultzio
2106 510 2144 580 τό

311 614 359 678 ita
380 612 607 698 explicaveris,
630 617 668 676 ut
690 611 733 676 sit
756 612 855 699 ‘crgo'
882 614 1010 698 ‘igitur',
1044 618 1226 681 sententiae
1252 615 1441 680 satisfacere
1465 615 1599 700 poteris.
1643 615 1817 680 Leniorem
1841 619 1950 681 autern
1973 617 2050 681 huic
2073 619 2142 682 loeo

313 715 476 782 medelam
505 714 616 779 efferri
643 735 740 800 posse
768 737 865 801 quam
890 717 1033 782 Gothani
1056 719 1193 783 arbitror
1221 719 1393 784 scribendo
1417 742 1422 781 :
1444 708 1467 804 ἣ
1487 717 1571 806 όῆτα
1593 741 1622 784 κ.
1638 741 1667 784 τ.
1683 718 1710 784 λ.
1756 719 1841 807 δῆτα
1867 721 1954 785 enim
1982 716 2063 784 nihil
2094 728 2145 787 est

312 818 402 884 eliud
424 839 521 904 quarn
545 811 587 903 δή
610 823 740 882 auctum
765 818 931 904 aliquanto
955 841 1061 906 nequa
1085 841 1159 887 raro
1188 829 1263 908 post
1285 841 1467 909 pronomen
1490 821 1662 886 relativum
1686 821 1773 909 apud
1796 821 1997 908 Aeschylum
2019 823 2143 888 iuveni·

315 923 425 1007 tur¹⁸).
470 921 649 1007 Respicere
673 927 783 986 autem
806 921 859 986 hio
883 923 1011 988 videtur
1034 931 1068 989 ut
1083 927 1195 1010 ipsum
1219 920 1260 1012 δή
1288 925 1329 990 ad
1353 926 1524 1010 sequentia-
1546 917 1590 1003 ὡς
1611 919 1707 1011 λόγος
1727 949 1786 1004 τις.
1832 929 1871 990 A
1890 927 2033 992 litteram
2056 929 2089 992 ln
2117 929 2144 994 Ο

314 1045 508 1092 conversam
531 1023 631 1088 habet
655 1023 761 1089 codex
783 1025 827 1090 M.
852 1028 884 1093 in
907 1025 1165 1111 Agamemnonis
1187 1047 1286 1094 uersu
1311 1027 1436 1112 1231'1).

422 1148 450 1209 7.
484 1139 619 1210 όίόωσιν
648 1143 676 1208 δ’
700 1133 731 1231 ἣ.
785 1144 938 1231 Plerique
972 1145 1113 1212 editores
1147 1144 1264 1213 δίδωσι
1294 1145 1323 1212 δ’
1346 1137 1380 1234 ἣ,
1423 1147 1632 1212 Hermannus
1667 1155 1700 1212 et
1736 1146 1907 1214 Gothanus
1946 1146 2081 1216 όίόωσιν
2113 1140 2143 1237 ἣ,

314 1248 400 1334 quod
423 1246 528 1332 magis
552 1246 670 1331 placet.
717 1247 845 1312 Oertius
868 1255 978 1314 autem
1001 1249 1141 1314 alterum
1164 1250 1254 1330 illud,
1285 1257 1319 1316 ct
1342 1251 1419 1336 quia
1441 1250 1626 1334 Aeschyleo
1650 1251 1789 1316 sermoni
1812 1251 1979 1332 usitatum,
2003 1259 2036 1316 ct
2059 1254 2143 1338 quod

314 1353 399 1420 uude
425 1357 456 1417 A
477 1353 585 1417 littere
609 1352 651 1416 sit
673 1352 766 1417 illata
788 1353 963 1434 nescimus,
988 1375 1061 1418 oum
1082 1350 1219 1420 δίδωσιν
1241 1371 1299 1440 pro
1323 1350 1440 1420 όόόωσι
1464 1375 1484 1419 a
1506 1353 1639 1419 librario
1663 1353 1709 1416 rei
1732 1355 1885 1420 metricae
1910 1356 2017 1421 minus
2041 1358 2144 1443 perito

314 1457 408 1521 facile
432 1455 529 1520 scribi
552 1456 705 1540 potuerit.

744 1563 792 1622 10.
828 1556 948 1626 κέλσασ
971 1559 1025 1624 ἐπ’
1050 1554 1157 1626 otardo
1179 1556 1370 1645 ναοπόρουσ
1391 1555 1455 1626 ado
1478 1555 1691 1626 sinitedem·

424 1678 609 1744 Schultzius
631 1699 705 1742 cum
728 1681 846 1764 legerit
867 1679 954 1767 apud
976 1679 1167 1767 Euripidem
1191 1676 1346 1778 ναυπόριμ
1368 1675 1477 1768 πλάτῃ
1502 1679 1634 1764 (Troad.
1651 1680 1743 1765 877),
1767 1672 1870 1759 άκτὰς
1893 1675 2076 1766 ναυπόρους
2099 1684 2145 1746 ita

316 1783 475 1870 explicat,
506 1788 542 1846 ut
571 1781 636 1846 sint
659 1782 839 1848 ‘Minervae
862 1784 972 1848 littora
1002 1805 1102 1849 naves
1126 1785 1290 1850 moventia
1312 1785 1366 1852 vel
1390 1781 1594 1850 emittentia'.
1640 1782 1714 1856 Qus
1736 1785 1768 1848 iu
1790 1803 1826 1849 re
1849 1802 1956 1870 nequa
1979 1783 2145 1871 Euripidis

317 1887 416 1952 verba
438 1886 494 1952 ills
518 1891 607 1951 reete
631 1885 834 1951 intellexisse
858 1893 892 1950 et
913 1894 1026 1951 nostro
1049 1887 1120 1952 loeo
1144 1907 1256 1974 parurn
1280 1894 1390 1974 aptam
1415 1889 1612 1952 seutentiam
1635 1889 1785 1952 attulisse
1808 1887 1944 1954 ridetur.
1988 1883 2144 1974 ναυπόρῳ

316 1984 426 2076 πλάτῃ
448 1990 535 2054 enim
559 1988 644 2052 sicut
666 1983 797 2067 πλάτας
820 1983 1040 2075 ναυσιπόρους
1061 1990 1148 2076 (Iph.
1165 1989 1241 2056 Aul.
1262 1991 1335 2074 172)
1359 1989 1525 2076 Euripidis
1541 1991 1638 2077 plene
1655 1991 1806 2056 dicuutur
1829 1991 1869 2056 de
1886 1991 2024 2056 nasibus
2041 1992 2147 2057 rectis

317 2094 493 2158 obscurata
515 2091 633 2177 prioris
657 2091 747 2156 vocis
771 2093 899 2179 propria
923 2093 1173 2182 sigpificatione‚
1203 2101 1240 2158 ut
1263 2115 1365 2180 saepe
1388 2095 1425 2158 fit
1446 2095 1479 2158 in
1502 2093 1670 2158 vocabulis
1694 2093 1878 2178 compositis
1890 2093 1942 2178 ιε).
1988 2093 2148 2178 Aeschyli

319 2203 430 2264 autem
452 2189 550 2262 ἀκταὶ
574 2188 735 2281 ναόποροι
759 2201 835 2260 sunt
858 2216 934 2262 oras
957 2197 1173 2282 navigabiles,
1196 2197 1335 2261 neribus
1359 2197 1598 2282 frequentatae.

429 2323 477 2384 ll.
513 2315 746 2404 Παρνησοῦσθ’
770 2313 874 2403 ἕδρας.
927 2317 1078 2382 Alterum
1105 2339 1126 2382 σ
1155 2339 1174 2382 a
1203 2339 1260 2382 suo
1289 2319 1360 2382 loco
1390 2319 1561 2382 aberrasse
1592 2322 1737 2402 apparet.
1792 2314 1896 2382 Recte
1930 2317 2030 2401 igitur
2056 2319 2147 2384 Her·

318 2441 455 2486 mannus
480 2425 513 2485 et
536 2417 708 2484 Gothanus
732 2421 933 2506 seripserunt
955 2424 1161 2508 Παρνησσοιῖ,
1186 2441 1269 2507 quae
1295 2427 1345 2484 est
1367 2419 1500 2505 propria
1523 2419 1618 2483 huius
1642 2419 1782 2484 nominis
1806 2417 2027 2504 conpensu).

737 2529 793 2606 Ι18.
828 2539 891 2622 λ’ζει
914 2539 1066 2628 τέταρτον
1088 2537 1180 2610 τόνδε
1202 2548 1319 2626 μάντιν
1341 2539 1374 2605 ἐν
1395 2533 1535 2626 χρόνοισ.

320 2655 470 2748 Χρόνοις,
495 2661 582 2748 quod
605 2663 753 2748 plerique
778 2661 917 2728 editores
942 2683 1016 2728 cum
1032 2663 1185 2730 Turnebo
1209 2667 1375 2727 mutarunt
1398 2663 1431 2726 iu
1454 2655 1589 2744 θρόνοις
1614 2699 1649 2708 -
1676 2661 1708 2726 id
1734 2662 1839 2748 ipsum
1864 2659 1992 2744 quidem
2015 2663 2150 2748 aptissi-

319 2785 407 2830 mum
430 2801 471 2812 -
495 2764 629 2830 retinuit
653 2762 834 2850 Gothanua
858 2773 891 2832 et
914 2775 1014 2850 reete,
1038 2767 1161 2854 opinor,
1186 2788 1259 2830 cum
1284 2788 1340 2852 pro
1364 2763 1526 2851 ‘denique'
1551 2763 1655 2854 accipi
1678 2765 1793 2852 possit.
1837 2763 1899 2830 Est
1922 2765 2008 2830 enim
2024 2763 2148 2852 Apollo

319 2868 452 2933 ultimus
477 2864 565 2932 sedis
588 2865 749 2951 Pythicae
773 2891 950 2956 possessor.

744 2993 795 3054 21.
831 2983 969 3056 Παλλάσ
991 2981 1135 3076 προναία
1158 2989 1187 3054 d'
1211 2987 1243 3055 ἐν
1266 2983 1379 3075 λόγοισ
1402 2983 1627 3074 πρεσβεύεται.

316 3113 507 3178 Hermanno
531 3113 636 3196 inagis
660 3112 781 3199 placuit
805 3107 935 3199 προνᾴα
958 3109 987 3176 d'
1005 3105 1152 3196 εὐλόγως,
1176 3110 1261 3195 quod
1282 3110 1408 3195 recepit
1429 3109 1614 3174 intextum.
1653 3109 1757 3174 Recte
1774 3108 1963 3174 Diudortius
1979 3107 2149 3191 monet²⁰)

317 3212 426 3302 λόγοις
448 3217 633 3304 oppositum
657 3235 732 3279 esse
756 3207 865 3295 εὐχαῖς
888 3235 1004 3279 versus
1027 3214 1168 3301 proximi
1193 3213 1273 3296 (λθ).
1318 3211 1434 3298 Itaque
1466 3233 1573 3297 neque
1606 3212 1788 3276 Hermeuni
1821 3213 2010 3278 coniectura
2041 3233 2149 3298 nequa

318 3319 475 3385 Schultaii
499 3318 678 3405 explicatio
703 3316 841 3382 traditae
867 3317 1048 3405 scripturae
1074 3321 1157 3382 ‘cum
1181 3318 1269 3384 iusta
1291 3315 1431 3402 quadam
1454 3313 1590 3380 ratione’
1615 3313 1743 3401 probari
1766 3318 1886 3400 potest.

746 3441 795 3503 33.
830 3433 1034 3522 panadariae
1055 3434 1117 3525 γάρ
1140 3431 1188 3504 cbo
1210 3431 1250 3503 tls
1271 3431 1391 3534 ἡγῆται
1413 3431 1509 3504 dedo.

319 3562 450 3647 Optime
478 3558 702 3624 Kirchhoifius
732 3553 971 3642 penuriosam,
1002 3560 1088 3645 quod
1119 3565 1153 3624 et
1184 3557 1367 3624 sententiae
1401 3555 1505 3642 magis
1535 3557 1686 3622 convenit
1716 3577 1822 3642 neque
1851 3555 2027 3641 quidquam
2049 3557 2153 3622 habet

318 3665 454 3732 violenti
478 3663 672 3746 conatus21).

747 3751 797 3812 36.
832 3741 880 3812 ιὺσ
902 3740 985 3837 μήτε
1007 3751 1124 3816 σωκεῖν
1145 3741 1230 3837 μήτε
1251 3745 1286 3830 μ’
1314 3737 1477 3812 ἀκταίνειν
1501 3737 1626 3812 στάσιν.

320 3871 473 3940 Secunda
496 3891 594 3936 manu
619 3869 874 3956 superscriptum
903 3874 954 3934 est
975 3864 1082 3953 βάσιν,
1106 3867 1192 3954 quod
1221 3872 1415 3954 receperunt
1437 3867 1597 3954 plerique.
1642 3863 1796 3930 Ceterum
1820 3865 2028 3930 Hermannus
2051 3867 2154 3932 etiam

320 3970 436 4042 στάσιν
463 3973 595 4060 probari
629 3994 724 4058 posse
760 3971 840 4036 dicit
878 3973 1046 4057 explicans
1078 3979 1153 4036 ‘non
1183 3974 1296 4036 erecte
1323 3976 1410 4035 stare
1439 3967 1594 4055 possum⁷‚
1623 3967 1683 4034 sed
1708 3975 1878 4055 praestare
1908 3969 2011 4036 videri
2040 3963 2153 4055 βάσιν.

320 4081 475 4146 Praestat
497 4077 593 4158 eninr,
617 4077 748 4162 opinor,
774 4075 860 4160 quod
884 4075 987 4160 magis
1011 4073 1277 4140 accommodatur
1299 4072 1340 4137 ad
1364 4074 1515 4159 proxima
1535 4069 1643 4159 τρέχωΙ
1659 4070 1696 4138 δὲ
1717 4069 1834 4159 χερσίν.
1881 4074 2015 4139 Minime
2039 4081 2153 4138 autem

322 4183 489 4248 Schultzio
520 4180 642 4246 licebat
666 4179 860 4244 vocabulum
891 4173 1007 4244 στάσιν
1037 4179 1083 4243 ita
1106 4178 1204 4244 tutari
1235 4185 1268 4243 et
1290 4175 1464 4242 obtrudere
1489 4177 1581 4262 quasi
1610 4176 1720 4258 nobis,
1749 4183 1786 4241 ut
1813 4179 1930 4242 σωκεῖν
1954 4182 2097 4242 mutaret
2118 4179 2154 4242 in

320 4279 465 4371 βόσκειν.
510 4283 709 4348 Persuasum
741 4283 826 4346 enim
856 4283 885 4347 ei
918 4289 969 4347 est
999 4284 1116 4348 σωκεῖν
1139 4282 1281 4348 alienum
1315 4301 1388 4348 esse
1412 4281 1472 4346 hoe
1495 4282 1708 4366 torqueque
1731 4280 1927 4367 quodapud
1951 4279 2154 4366 Sophoclem

426 4541 461 4610 rs)
480 4540 560 4596 Eum.
577 4541 636 4595 399.
656 4539 690 4609 ἢν
708 4539 765 4608 δῆτ’
784 4537 898 4608 Ἀχαιῶν
917 4539 1027 4612 άκτορές
1045 4556 1074 4594 τε
1092 4537 1134 4592 και·
1155 4539 1264 4608 πρόμοι.
1301 4539 1340 4594 cf.
1359 4537 1441 4592 Dind.
1462 4537 1514 4592 lex.
1533 4536 1630 4592 Aesch.
1649 4555 1668 4591 s.
1687 4537 1714 4590 h.
1727 4555 1751 4592 v.

429 4629 464 4696 lt)
483 4626 575 4682 (lodex
593 4627 630 4681 M.
649 4625 818 4695 λαγοδαίτας,
837 4627 1004 4682 recentiores
1023 4641 1119 4681 omnes
1136 4624 1308 4693 λαγοδαίτας.

429 4717 463 4783 ιε)
483 4713 523 4770 uf.
541 4713 704 4768 Dettweiler
721 4712 750 4766 in
770 4729 862 4783 progr.
881 4731 976 4784 gymn.
995 4713 1118 4768 Giessen.
1137 4711 1257 4778 1881182.

429 4803 463 4871 ra)
482 4799 521 4855 Gi.
541 4798 662 4869 Choeph.
675 4817 713 4854 vs.
731 4799 790 4855 563.
811 4799 986 4870 Παρνησσίδα
1005 4799 1099 4856 codex.
1136 4799 1182 4854 Sic
1200 4796 1285 4852 etiam
1306 4795 1456 4852 Kirchhoff.

426 4889 463 4958 ro)
480 4887 513 4941 In
531 4885 611 4942 lexic.
630 4887 756 4956 Aeschyl.
776 4905 803 4957 p.
816 4885 874 4941 199.

427 4979 465 5046 rr)
483 4975 535 5031 Sic.
554 4975 629 5046 Sept.
650 4991 688 5028 vs.
706 4973 758 5029 406
777 4974 806 5029 in
824 4973 1007 5044 μαντεύσεται
1025 4973 1120 5029 littore
1138 4991 1155 5026 σ
1173 4971 1350 5042 postmodum
1369 4972 1411 5025 est
1429 4967 1541 5024 inserta.
