4602 5640
1216 331 1253 394 12

1130 416 1336 428 Ι.,-----ι----

320 554 472 620 omittere
495 574 578 638 earn,
601 575 686 639 quae
710 557 786 618 sunt
801 551 995 632 necessaria,
1018 571 1082 616 non
1099 557 1149 616 est
1173 547 1337 615 credibile.
1381 538 1432 610 ur
1446 546 1546 612 mirer
1562 545 1601 613 Ο.
1618 539 1823 628 Muellerum,
1847 554 1883 614 ut
1905 550 2037 618 nomine
2060 549 2147 615 Har-

319 658 468 744 pyiarum
491 678 558 724 oon
579 678 660 744 opus
684 677 757 722 esse
786 655 1029 742 comprobaret,
1060 655 1210 720 attulisse
1238 675 1281 718 ex
1310 648 1478 738 Euripidis
1506 650 1587 716 Ione
1616 652 1724 716 locum
1755 653 1981 738 quendam²⁸),
2013 675 2056 718 ex
2084 675 2148 738 quo

321 761 516 828 contrarium
539 762 667 828 discere
690 760 844 826 debebat.
888 758 940 824 Ibi
964 759 1050 823 enim
1065 757 1235 824 Minervae
1258 777 1375 822 nomen
1399 775 1434 820 rs
1458 775 1537 820 vera
1559 753 1687 831 dicitur,
1710 777 1818 842 neque
1837 757 2011 842 quidquam
2029 757 2148 831 differt,

320 872 393 930 utro
425 865 467 932 ab
495 865 695 930 hemiohorio
726 863 967 951 pronunciatur.
1022 861 1105 926 Naro
1131 859 1320 946 Euripides,
1351 879 1425 924 cum
1455 858 1595 924 alterum
1625 859 1859 924 hcmiehorium
1888 860 2012 946 fingere
2035 869 2149 948 posset

322 967 516 1054 intellegere
540 989 584 1033 ex
605 967 798 1051 ambagibus
821 965 966 1046 alterius,
991 985 1165 1052 quamnam
1189 964 1313 1028 diceret
1335 961 1448 1045 deam,
1472 968 1582 1027 tamen
1607 963 1846 1048 spectatoribus
1874 963 1951 1050 quid
1974 964 2149 1030 deberetur

322 1092 387 1136 non
411 1073 572 1157 ignorans,
596 1091 793 1157 quamquam
818 1070 840 1132 ii
864 1070 962 1134 etiam
986 1068 1119 1132 deorum
1144 1069 1237 1152 signa
1253 1065 1511 1151 conspiciebant,
1535 1064 1659 1130 addidit
1674 1068 1827 1132 continuo
1845 1067 2011 1134 Minervae
2029 1089 2148 1134 nomen

321 1175 354 1238 in
385 1194 553 1261 responso.
609 1173 653 1238 ut
687 1175 714 1238 si
747 1173 818 1258 quis
852 1170 885 1234 id
912 1192 1032 1236 nomen
1063 1171 1274 1236 haereticae
1299 1170 1430 1254 gravius
1460 1169 1599 1254 exprimi
1621 1168 1724 1251 dicat,
1748 1190 1813 1235 non
1836 1171 2000 1236 adversar.
2044 1173 2148 1238 Hiare

321 1278 423 1362 igitur
445 1277 479 1344 in
502 1284 613 1342 nostro
636 1277 707 1342 loce
733 1277 913 1341 orationem
937 1278 1120 1340 statuerunt
1149 1273 1260 1352 multi,
1290 1279 1323 1338 et
1346 1271 1536 1336 Diodorfius
1565 1273 1646 1337 dnos
1670 1295 1785 1340 versus
1814 1297 1888 1341 esse
1913 1277 2148 1341 contaminatos

322 1389 413 1446 ratus
447 1381 601 1465 reliquias
632 1401 742 1446 eorum
772 1381 819 1444 sio
848 1378 1025 1465 disposuit:
1057 1369 1146 1444 εἶδόν
1174 1377 1251 1442 ποτ’
1274 1370 1337 1466 ἤδη
1462 1380 1473 1460 Η
1489 1374 1711 1463 γεγραμμένας
1849 1377 1972 1458 Φινέως
1987 1379 1999 1461 ΙΙ
2016 1379 2149 1444 δεῖπνον

321 1477 495 1570 φερούσας.
541 1483 585 1548 Et
608 1490 695 1548 recte
719 1481 850 1568 quidem
875 1483 930 1546 ille
954 1482 1043 1564 feeit,
1067 1481 1151 1566 quod
1171 1480 1294 1560 Φινέως
1310 1501 1430 1546 nornen
1453 1483 1723 1568 quamproxime
1746 1482 1787 1546 ad
1810 1481 1943 1548 δεῖπνον
1966 1483 2149 1549 collocarit.

321 1586 477 1652 Ceterum
500 1588 597 1653 aliam
622 1586 801 1652 coniciendi
825 1586 987 1650 rationem
1010 1606 1085 1651 esse
1109 1585 1287 1650 ineundam
1311 1584 1420 1665 eredo,
1444 1583 1573 1670 quaed
1596 1584 1702 1650 minus
1724 1587 1808 1650 latas
1825 1585 2045 1651 dubitationes
2062 1607 2148 1651 eom-

322 1691 494 1776 pellamur.
541 1689 667 1765 Quodsi
692 1687 816 1767 Φινέως
839 1710 958 1754 nomen
981 1709 1062 1754 voce
1084 1687 1306 1776 γεγραμμένας
1333 1690 1506 1754 interiecta
1536 1709 1594 1753 suo
1624 1689 1696 1754 loco
1726 1689 1900 1776 depulsum
1923 1691 2086 1772 videmus,
2110 1712 2151 1757 ea

325 1795 399 1879 ipsa
421 1814 487 1859 vox
511 1795 733 1881 suspicionem
756 1799 882 1874 movet,
907 1793 991 1858 sitne
1019 1793 1220 1878 glossemate
1242 1792 1345 1858 illata.
1391 1790 1497 1882 Certe
1518 1793 1546 1856 si
1574 1792 1694 1878 Pythia
1723 1782 1861 1858 diceret:
1886 1794 1961 1860 ‘vidi
1984 1793 2149 1882 Harpyiae

326 1897 445 1962 Phinei
468 1919 583 1964 cenam
607 1896 817 1978 anferentcs’,
840 1896 922 1962 nihil
946 1895 1205 1978 desideraretur,
1228 1897 1319 1962 velut
1342 1898 1369 1962 si
1393 1897 1465 1982 quis
1488 1894 1629 1961 diceret:
1657 1895 1733 1960 ‘vidi
1755 1897 2038 1980 Agamemnonem
2060 1919 2149 1962 mae-

324 2009 449 2066 tantem
465 2001 693 2088 Iphigeniam’,
716 2007 773 2066 aut
790 2001 909 2064 similia
925 2007 1090 2064 sexcenta.
1135 1999 1208 2064 Non
1233 2001 1319 2064 enim
1343 2007 1403 2078 est,
1427 2007 1464 2064 ut
1486 2005 1644 2064 remotum
1669 2000 1813 2084 aliquem
1835 2007 1892 2066 out
1914 2003 2069 2087 temporis
2094 2007 2151 2068 aut

322 2105 385 2168 loci
417 2105 522 2190 spatio
552 2103 721 2169 videamus
755 2123 824 2166 rem
855 2109 1024 2188 gerentem
1056 2102 1117 2167 nisi
1147 2103 1287 2188 imagine
1311 2101 1451 2166 relralio
1475 2102 1612 2166 artificio
1641 2103 1987 2189 repraesentatum²⁷).
2034 2105 2151 2193 Itaque

324 2208 574 2294 quibuscunque
597 2227 791 2293 persuasum
814 2213 865 2270 est
879 2205 1100 2291 Harpyiarum
1122 2227 1240 2271 nomen
1263 2206 1496 2282 necessarium,
1519 2203 1740 2291 γεγραμμένας
1764 2227 2044 2294 supervacaneum
2067 2231 2151 2292 esse,

323 2312 403 2376 illud
427 2331 547 2376 nomen
570 2312 655 2378 intra
677 2301 764 2376 εἶδον
787 2315 821 2374 et
846 2305 970 2386 Φινέως
993 2329 1066 2373 esse
1090 2308 1311 2394 reponendum
1336 2307 1527 2373 concedent.
1571 2305 1687 2394 Neque
1711 2311 1818 2375 minus
1841 2318 1971 2377 constat
1987 2305 2153 2399 Ἁρπυίας

327 2435 444 2480 roeern
466 2415 530 2480 alia
554 2414 633 2480 sede
657 2433 723 2477 non
745 2433 844 2500 posse
861 2411 1015 2478 collocari
1033 2432 1129 2497 quam
1153 2413 1186 2476 in
1210 2413 1314 2477 altero
1335 2419 1369 2476 et
1384 2413 1481 2477 tertio
1497 2413 1637 2478 trimetri
1652 2413 1745 2500 pede.
1791 2413 2028 2500 Incipientibus
2052 2417 2153 2501 igitur

326 2520 435 2584 nobis:
458 2509 547 2584 εἶδόν
567 2509 829 2602 recuruatae,
854 2516 980 2602 syllaba
996 2517 1104 2580 brevis
1122 2515 1306 2603 supplenda
1329 2521 1362 2582 et
1383 2508 1447 2602 ἤδη
1470 2537 1488 2580 e
1512 2521 1591 2580 nota
1614 2517 1716 2601 quinti
1733 2517 1825 2604 pedis
1842 2519 1916 2604 lege
1933 2519 2152 2586 dirimendum

325 2630 376 2688 est
399 2623 460 2687 sic:

841 2697 928 2772 εἶδόν
949 2704 1026 2772 ποτ’
1045 2697 1212 2792 ‘Aponius
1237 2731 1258 2756 υ
1279 2731 1299 2792 η
1322 2701 1363 2794 δὴ
1390 2702 1514 2783 Φινέως

329 2825 394 2891 Sed
419 2825 480 2888 hoc
504 2825 601 2892 etiam
627 2824 725 2889 scribi
748 2844 842 2912 posse
864 2822 1002 2906 videtur,
1025 2828 1157 2910 praeter
1179 2823 1238 2908 μέν
1260 2845 1327 2889 una
1350 2825 1472 2892 lineola
1493 2826 1622 2892 traditis
1645 2829 1765 2893 litteris
1789 2829 1927 2913 adiecta,

841 2937 929 3012 εἶδον
950 2944 1009 3028 μὲν
1026 2937 1198 3032 Ἁρπυίας
1219 2944 1360 3032 nomin)
1383 2942 1423 3033 δὴ
1449 2945 1574 3026 Φινέως

842 3049 976 3116 δεῖπνον
998 3044 1161 3137 φερούσας

327 3173 402 3242 ‘vidi
425 3175 591 3264 Harpyias
619 3173 728 3240 volatu
757 3170 887 3258 quidem
909 3170 1030 3238 Phinei
1057 3193 1172 3238 cenam
1203 3170 1411 3253 auferentes’,
1440 3178 1477 3236 ut
1500 3194 1574 3238 oum
1596 3174 1727 3239 nomine
1749 3173 2033 3260 Harpyiarumea
2057 3173 2155 3238 simul

328 3302 382 3346 res
404 3279 618 3366 significetur,
643 3297 708 3364 qua
731 3276 872 3342 maxime
895 3276 936 3340 ab
960 3275 1117 3362 Aeschyli
1139 3276 1247 3341 Furiis
1270 3276 1439 3356 differunt,
1467 3282 1501 3342 et
1531 3283 1622 3342 recte
1646 3284 1847 3364 opponatur:
1872 3269 2013 3362 ι’ίιιτεροί
2034 3301 2069 3364 γε
2089 3273 2156 3366 μὴν

328 3379 411 3450 ἰδεῖν
432 3370 541 3449 αὗται.

437 3486 549 3552 Pauca
569 3484 647 3551 huic
672 3485 720 3550 rei
744 3482 871 3550 addam.
916 3479 960 3546 Et
982 3483 1122 3568 primum
1146 3483 1277 3568 quidem
1299 3483 1418 3548 Phinei
1442 3503 1543 3549 cenae
1567 3482 1608 3547 ab
1630 3483 1786 3570 Harpyiis
1810 3483 1941 3551 ablatae
1965 3483 2049 3550 duae
2072 3486 2155 3549 ima-

328 3593 423 3678 gines
446 3612 466 3656 a
489 3590 655 3656 veteribus
677 3593 753 3654 sunt
775 3592 1068 3666 commemoratae,
1096 3607 1161 3651 nna
1182 3587 1217 3651 in
1241 3587 1321 3653 cista
1345 3586 1494 3674 Cypseli,
1524 3608 1621 3673 quarn
1644 3589 1746 3673 signis
1769 3589 1887 3674 partim
1910 3611 1929 3654 e
1951 3589 2040 3676 ligno
2065 3587 2158 3654 cedri

328 3695 466 3782 sculptis
494 3694 613 3780 partim
635 3713 679 3758 ex
701 3712 779 3756 auro
804 3698 837 3756 et
861 3691 962 3756 ebore
985 3689 1180 3756 tessellatim
1201 3690 1370 3756 fabricatis
1393 3696 1541 3756 ornatam
1564 3691 1665 3758 luisse
1688 3691 1872 3758 Pausanias
1899 3701 1950 3757 est
1972 3685 2158 3776 auctorne

328 3797 434 3864 altera
456 3797 489 3862 in
513 3796 594 3862 sella
616 3795 779 3882 Apollinis
802 3793 1037 3880 Amyclaei³⁰),
1066 3794 1123 3879 qui
1148 3793 1286 3860 thronus
1316 3793 1432 3862 eodem
1456 3815 1592 3880 operum
1615 3817 1740 3880 genere
1767 3803 1865 3880 atque
1889 3797 1971 3862 cista
1993 3796 2066 3877 illa,
2090 3816 2160 3860 non

431 4057 467 4124 ae)
485 4053 550 4109 Eur.
571 4053 628 4108 lon.
796 4051 856 4106 209.
875 4049 948 4106 chor.
968 4051 999 4104 A.
1018 4047 1139 4110 λεύσσεις
1157 4036 1207 4104 οὖν
1224 4049 1266 4104 ἐπ’
1281 4045 1430 4124 Ἐγκελάδῳ

1016 4138 1158 4210 γοργῶπιν
1175 4137 1333 4191 πάλλουσαν
1351 4141 1425 4214 irum

689 4223 695 4238 '
799 4224 858 4278 211.
877 4223 950 4278 chor.
969 4223 1000 4277 Β.
1017 4223 1121 4278 λεύσσω
1141 4223 1257 4277 Παλλάδ’
1276 4223 1347 4293 ἐμᾶν
1364 4223 1441 4279 θεόν.

432 4315 468 4382 rr)
487 4312 578 4368 Simili
602 4311 711 4366 ratione
734 4328 784 4367 nos
806 4311 892 4366 eham
915 4309 1047 4366 dicimus:
1072 4307 1126 4365 ‘ich
1147 4311 1198 4366 sah
1221 4311 1267 4364 die
1289 4311 1457 4382 Zerstbrung
1479 4311 1655 4368 Jerusalems'
1678 4311 1722 4368 vel
1746 4311 1817 4367 ‘eine
1839 4312 1943 4384 heiliga
1964 4311 2069 4378 Nachh
2095 4313 2166 4370 cirre

330 4399 553 4470 Auferweclrung
571 4397 676 4467 Lazari,
695 4397 758 4453 eine
776 4397 965 4468 Krsnzigung,
984 4396 1174 4468 Grablegung‚
1192 4397 1402 4468 Auterstehung
1419 4395 1540 4452 Christi'.

433 4486 468 4552 ce)
487 4483 605 4554 Legitur
621 4484 674 4538 hoc
690 4483 857 4539 vocabulum
870 4483 967 4552 Odyss.
985 4502 1007 4538 ε.
1021 4484 1072 4538 937
1091 4483 1184 4553 αἰδοίῃ
1203 4483 1228 4535 δ’
1246 4484 1334 4538 ἐικυῖα
1352 4485 1421 4552 ποιῇ
1439 4479 1587 4537 ἀνεδύσετο
1605 4482 1708 4554 λίμνης.
1749 4485 1847 4554 Neque
1864 4485 1939 4542 hunc
1957 4503 2065 4542 versum
2083 4491 2165 4544 anti·

330 4570 427 4641 quitus
445 4585 504 4624 esse
522 4573 681 4640 suspectum
699 4571 735 4624 ad
754 4573 877 4624 nostram
896 4587 1009 4628 eausam
1027 4570 1180 4640 quidquam
1200 4571 1293 4626 refert.
1329 4570 1502 4626 Aristonicus
1521 4570 1607 4634 enim,
1632 4571 1707 4640 quod
1725 4572 1829 4627 adiecit
1846 4572 1904 4625 ‘cdx
1922 4573 2035 4644 ἐφέρετο
2054 4573 2085 4627 ἐν
2102 4576 2166 4636 τοῖς

329 4656 461 4712 πλείοσιν’
479 4655 714 4725 (Arosis-Hentze.
743 4656 816 4710 Aah.
835 4657 893 4712 128.
905 4657 965 4726 29),
990 4674 1024 4712 ea
1040 4657 1103 4726 ipsa
1119 4674 1149 4712 re
1168 4658 1334 4714 testificator
1351 4657 1443 4723 illum,
1469 4657 1517 4726 qui
1536 4658 1677 4712 versucia
1697 4659 1825 4714 omnibus
1843 4660 1944 4714 nostris
1962 4659 2042 4716 libris
2058 4679 2165 4718 mann-

330 4742 441 4812 seriptis
461 4741 564 4808 exstet,
588 4741 673 4797 luisse
691 4741 821 4796 omnibus
843 4743 1016 4813 temporibus
1038 4743 1068 4797 in
1090 4743 1170 4798 libris
1188 4743 1349 4809 Homericis,
1368 4744 1452 4798 hrisse
1470 4742 1533 4798 ideo
1552 4743 1718 4799 vocabulum
1736 4745 1813 4815 ποσή,
1833 4745 1917 4800 luisse
1935 4746 2062 4802 dativum
2079 4752 2165 4820 πονῇ,

330 4827 458 4884 adverbii
476 4828 544 4891 loco,
563 4829 596 4882 ut
613 4827 733 4893 ridetur,
752 4829 926 4898 usurpatum.
962 4829 1061 4898 Neque
1078 4829 1255 4884 Aristarchus
1274 4847 1337 4884 eum
1356 4829 1502 4885 emendare
1520 4833 1685 4901 aspernatus
1704 4835 1746 4888 est
1764 4831 1908 4888 scribendo
1925 4833 2088 4888 δπεδιίσατο.

434 4917 469 4983 re)
489 4914 569 4970 Paua.
588 4915 613 4979 5,
632 4915 674 4980 17,
691 4916 717 4970 4.
738 4913 833 4976 Φινεύς
852 4914 913 4968 σεδ
933 4917 1004 4986 Θρᾷξ
1023 4915 1089 4982 ἐστι,
1107 4913 1153 4970 καί
1172 4915 1197 4968 ol
1214 4916 1310 4976 παῖδες
1327 4917 1354 4969 οἱ
1372 4917 1471 4990 Βορέου
1488 4915 1536 4976 τᾰς
1551 4915 1676 4991 Ἀρπυίιις
1695 4915 1741 4970 ἀπ’
1761 4913 1845 4972 αὐτοῦ
1862 4918 2013 4974 διώκουσιν.

434 5004 469 5070 ao)
489 4999 569 5056 Paua.
587 4999 612 5064 3,
632 5001 673 5065 18,
692 5000 716 5055 9.
736 5001 835 5061 Κάλαϊς
852 5000 883 5053 δὲ
901 5000 945 5054 καί
964 5002 1048 5072 Ζήτης
1065 5002 1113 5063 uir
1128 5001 1252 5074 Ἁρπυίας
1272 5003 1373 5060 Φινέως
1390 4998 1596 5058 ἀπελαύνουσιν.
