4602 5640
1066 341 1086 402 9

977 429 1181 440 *-

163 560 247 647 qued
272 560 414 626 fabulam
437 565 581 626 nostram
604 561 748 646 incipere
772 558 904 624 tradunt
927 582 947 632 a
969 580 1089 646 magua
1112 558 1330 630 sollemnitate
1355 568 1389 628 et
1411 563 1584 648 gravitate,
1607 563 1669 628 hec
1692 563 1733 630 de
1750 563 1846 631 rebus
1863 565 1990 630 scaeni-

164 669 211 733 cis
235 672 336 730 recte
369 665 448 744 dici,
483 665 524 730 ad
554 663 696 750 Pythiae
721 663 902 728 orationem
932 664 1037 729 minus
1065 663 1176 730 velere
1205 685 1334 732 censae.
1379 666 1494 752 Neque
1518 687 1595 732 vero
1620 671 1686 732 tam
1711 689 1763 732 res
1784 669 1887 752 ipsas,
1909 689 1991 754 ques

163 770 242 835 dicit
264 768 400 855 Pythia,
431 789 527 854 quam
558 789 669 834 senum
700 768 800 831 tetius
832 766 986 830 orationis
1016 771 1050 830 et
1079 767 1187 832 stilum
1213 777 1336 854 specto.
1382 770 1504 835 Videor
1533 772 1620 836 euim
1650 771 1729 836 mihi
1756 770 1869 836 audire
1894 793 1992 837 anum

164 873 298 961 probam
323 880 356 938 et
371 873 541 938 honestam
565 878 598 937 et
614 872 796 958 sapientem
817 870 907 951 satis,
932 869 991 936 sed
1007 871 1084 936 anili
1100 871 1281 936 infirmitati
1297 878 1330 936 et
1346 871 1535 958 loquacitati
1552 873 1726 940 obnoxiam
1743 874 1991 960 quodammodo,

163 979 257 1053 Quae
281 997 354 1044 cum
377 976 410 1040 in
433 975 484 1040 his
509 974 675 1040 versibus:

681 1097 731 1159 37.
768 1089 869 1178 τρέχω
893 1090 930 1158 δὲ
950 1090 1069 1178 χερσίν,
1094 1087 1132 1158 οὒ
1156 1090 1326 1182 ποδωκείᾳ
1349 1095 1478 1161 σκελῶν·

680 1199 731 1263 38.
769 1192 909 1262 δείσασα
932 1191 993 1282 γὰρ
1016 1195 1115 1284 γραῦς
1137 1190 1239 1278 οὐδὲν,
1263 1191 1421 1278 ἀντίπαις
1441 1199 1501 1283 μὲν
1519 1189 1588 1266 οὖν’.

682 1305 733 1370 44,
771 1295 859 1388 λήνει
881 1295 1025 1387 μεγίστῳ
1046 1296 1223 1389 σωφρόνως
1245 1297 1448 1386 ἐστεμμένον,

680 1407 731 1488 45.
769 1401 886 1491 ἀργῆτι
907 1403 1031 1490 μαλλῷ·
1055 1405 1132 1492 τῇδε
1153 1400 1215 1490 γὰρ
1236 1406 1360 1490 τρανῶς
1382 1404 1455 1492 ἐρῶ.

163 1531 259 1596 lacile
284 1526 527 1616 deprehendas,
562 1525 710 1612 pluribus
743 1526 841 1590 etiam
870 1525 950 1590 locis
980 1525 1089 1590 inesse
1113 1523 1328 1610 contendo²³)
1352 1533 1450 1612 atque
1474 1548 1601 1592 emnem
1625 1529 1695 1593 cius
1720 1549 1923 1608 sermonem,
1947 1549 1988 1592 ne

164 1633 270 1698 dicam
286 1631 454 1712 humilem,
477 1629 565 1696 haud
581 1630 627 1694 ita
644 1630 814 1695 sublimem
831 1649 906 1692 esse
930 1633 964 1692 et
985 1627 1151 1712 grandem.
1196 1627 1240 1693 m
1263 1630 1409 1695 consulte
1432 1631 1494 1695 hoe
1518 1633 1632 1697 iecisse
1656 1632 1860 1718 Aeschylum
1883 1630 1990 1712 eredo,

164 1738 286 1824 quippe
310 1737 365 1822 qni
389 1735 581 1801 remissione
605 1732 744 1819 quadam
775 1732 874 1797 animi
902 1732 1064 1797 interdum
1096 1754 1176 1817 opus
1200 1754 1274 1800 esse
1299 1733 1538 1819 spectatoribus
1561 1755 1627 1799 uon
1649 1736 1756 1800 minus
1782 1741 1870 1801 recte
1894 1735 1993 1800 sciret

165 1861 262 1928 quam
293 1839 388 1905 divus
415 1837 597 1920 Homerus,
626 1857 700 1903 eum
728 1835 900 1901 Thersitae
930 1835 1166 1921 turpitudinem
1193 1835 1363 1902 ridiculam
1393 1842 1590 1924 proponeret
1619 1836 1828 1903 auditoribus
1874 1837 1991 1923 Neque

165 1949 277 2010 nostm
301 1944 373 2009 loco
395 1942 457 2008 bec
480 1943 592 2027 inepte
613 1939 863 2026 fieriapparet,
892 1960 964 2004 cunr
992 1944 1068 2025 pest
1091 1938 1308 2026 Ohoepheron
1336 1939 1467 2006 fabulae
1495 1939 1566 2005 dira
1589 1939 1733 2006 facinora
1756 1946 1791 2006 et
1812 1939 1992 2006 terribilem

165 2049 289 2113 exitum
311 2047 435 2112 instent
459 2045 646 2131 spectacula
668 2043 873 2109 atrocissima
896 2049 930 2108 et
953 2043 1095 2109 maxime
1119 2037 1344 2128 ψυχαγωγικδ,
1391 2043 1536 2109 Similem
1560 2045 1718 2110 rationem
1742 2045 1774 2110 in
1799 2043 1992 2130 quibusdam

166 2151 353 2216 nuntiorum
378 2147 584 2214 sermonibus
607 2145 693 2233 apud
709 2145 906 2233 Sophoclem
929 2145 1147 2212 animadverti
1162 2166 1261 2232 posse
1277 2147 1401 2232 opinor,
1424 2147 1671 2227 recentioribus,
1692 2148 1840 2236 inprimis
1862 2147 1990 2213 Shake·

167 2255 307 2341 spectio,
330 2253 578 2320 usitatissimam
603 2272 676 2318 esse
700 2272 813 2316 onmes
837 2251 952 2314 sciunt.
997 2249 1041 2314 Et
1065 2271 1138 2314 eum
1159 2257 1290 2316 veteres
1312 2259 1432 2336 poetae
1455 2252 1488 2316 in
1512 2251 1597 2317 ludis
1620 2252 1825 2339 potissimum
1844 2253 1993 2338 satyricis

166 2359 226 2424 boc
260 2358 450 2444 peregerint
487 2377 586 2442 opus,
627 2354 789 2420 interdum
826 2353 904 2418 alibi
940 2354 1054 2432 etiam,
1095 2353 1289 2440 praesertim
1323 2355 1355 2417 in
1390 2375 1430 2420 ea
1457 2355 1608 2441 trilogiae
1639 2357 1894 2442 compositione,
1930 2377 1995 2441 qua

163 2463 322 2549 Aeschyli
346 2461 478 2528 Orestia
500 2466 552 2527 est
575 2460 769 2544 conscripta,
792 2478 833 2523 ea
854 2478 907 2523 res
931 2464 1115 2543 opportuna
1138 2479 1213 2524 esse
1236 2456 1340 2524 videri
1363 2463 1504 2540 peterat.
1549 2457 1654 2533 Quam
1678 2459 1765 2546 apud
1788 2460 1992 2544 Aeschylum

165 2566 261 2632 certis
293 2585 371 2630 saue
407 2571 440 2630 et
470 2563 615 2648 angustis
642 2563 760 2628 finibus
791 2563 952 2628 contineri
983 2582 1055 2626 oum
1084 2562 1216 2627 minime
1244 2560 1397 2648 equidem
1428 2583 1547 2648 negem
1577 2583 1684 2650 neque
1711 2569 1769 2628 aut
1797 2563 1992 2628 scholiastae

164 2667 365 2736 adnotationi
397 2667 438 2733 ad
474 2687 604 2734 versum
640 2669 680 2731 37
716 2667 879 2755 spectanti
911 2660 1013 2746 ἔξεισι
1035 2662 1253 2752 τεταραγμένη
1281 2661 1527 2752 τετραποδηδὸν
1548 2663 1585 2731 ἐκ
1606 2665 1665 2733 τοῦ
1688 2661 1748 2732 νεώ
1770 2667 1870 2732 ullam
1893 2666 1991 2732 fidem

165 2795 240 2838 esse
271 2770 455 2838 habendam
480 2792 630 2836 censeam
654 2778 711 2836 aut
736 2771 808 2857 ipse
837 2771 944 2835 simile
976 2768 1052 2854 quid
1075 2768 1306 2834 commutanda
1334 2770 1495 2856 scriptura
1527 2769 1709 2836 intextum
1732 2771 1851 2837 inferre
1876 2771 1992 2850 ausim,

166 2878 251 2943 idem
273 2878 384 2942 iacere
406 2897 470 2941 non
494 2897 643 2963 possum,
673 2881 709 2938 ut
739 2881 890 2940 autenm
915 2873 1041 2940 editore
1067 2873 1217 2939 Gethone
1241 2875 1353 2939 nescio
1377 2873 1455 2962 quid
1477 2873 1617 2940 sublime
1647 2882 1680 2939 et
1703 2875 1830 2961 insigne
1855 2875 1992 2940 inferam

165 2987 275 3046 uestro
298 2978 370 3044 loeo
394 2985 451 3045 aut
475 2999 547 3044 cum
580 2977 784 3044 Kirchheifie
815 2999 943 3044 versum
974 2981 1015 3041 45
1045 2999 1104 3063 pre
1127 2979 1238 3062 spurio
1260 2978 1411 3042 habeam.
1456 2977 1562 3042 Aliter
1586 2964 1672 3042 enim
1696 2978 1840 3064 loquitur
1862 2978 1992 3063 Pythie,

165 3083 260 3150 aliter
281 3083 414 3170 Apollo,
438 3084 534 3148 aliter
556 3085 657 3150 ceteri
679 3103 738 3169 pro
763 3104 822 3147 sue
845 3083 982 3167 quisquo
1006 3086 1122 3146 nature
1145 3086 1179 3146 et
1201 3079 1319 3146 indole.

274 3203 339 3268 Sed
362 3202 427 3267 iam
451 3203 688 3268 transeundum
711 3201 750 3266 ad
776 3201 922 3288 singulos
945 3221 1075 3282 versus,
1105 3219 1185 3284 quos
1210 3222 1227 3264 e
1251 3197 1400 3266 Merkelii
1424 3199 1518 3283 libro,
1542 3221 1639 3287 quem
1663 3221 1761 3287 supra
1783 3199 1929 3281 laudavi,
1960 3201 1993 3265 in

166 3307 323 3393 proximis
348 3304 542 3372 describam.
968 3299 971 3310 '

695 3395 724 3457 3.
762 3379 785 3478 ή
807 3384 847 3478 δή
870 3384 909 3456 τὸ
932 3383 1058 3477 μητρὸσ
1079 3385 1213 3472 δευτέρα
1234 3382 1304 3455 τόδ’
1327 3384 1416 3470 ἵζετο

696 3499 725 3562 4.
761 3497 925 3578 μαντεῖον,
948 3485 997 3587 oia
1019 3486 1119 3577 λόγον
1139 3513 1195 3557 τισ

273 3633 388 3700 Editor
411 3633 582 3701 Gothanus
607 3655 680 3698 cum
704 3653 801 3698 voces
829 3627 868 3697 τὸ
890 3623 1012 3718 μητρός
1035 3649 1297 3716 supervacaneas
1321 3650 1393 3694 esse
1418 3635 1452 3695 et
1475 3629 1651 3696 obscurare
1673 3631 1840 3696 notionem
1863 3627 1996 3716 δευτέρα

165 3745 309 3826 putaret,
339 3740 453 3804 maluit
481 3737 579 3802 scribi
605 3732 779 3821 τόμονρος,
809 3735 1004 3801 vccabulum
1030 3733 1207 3819 repetitum
1235 3753 1277 3796 ex
1304 3730 1535 3819 Lycophrona,
1569 3731 1655 3818 quod
1682 3732 1723 3796 ab
1752 3733 1920 3819 Hesychia
1949 3735 1996 3799 sic

166 3845 349 3930 explicatur
365 3867 372 3906 :
388 3823 553 3926 τδμοοροι·
578 3824 749 3928 προφῆται
765 3888 772 3905 .
787 3835 884 3924 ἱερεῖς
900 3888 906 3903 .
921 3830 1143 3902 οἰωνοσκόπον
1156 3883 1163 3901 .
1176 3829 1333 3902 διάκονοι.
1377 3834 1474 3901 Unde
1500 3836 1734 3920 Schultzius¹⁴)
1758 3837 1896 3921 colligit,
1920 3838 1996 3922 quia

164 3945 352 4012 sacerdotes
382 3951 414 4009 et
443 3964 583 4030 augures
614 3949 712 4030 atque
743 3943 841 4008 etiam
871 3940 993 4007 aeditui
1022 3941 1067 4004 ita
1095 3938 1315 4026 appellentur,
1348 3960 1413 4005 nou
1441 3940 1588 4027 petuisse
1618 3938 1680 4004 hoc
1711 3939 1870 4004 vocabulo
1900 3941 1994 4006 deam

166 4049 351 4136 significari.
396 4046 441 4112 At
464 4047 545 4112 baec
568 4067 633 4111 nen
656 4055 756 4112 recte.
801 4045 927 4110 Eodem
950 4045 1035 4110 enim
1060 4043 1220 4108 vocabulo
1245 4049 1278 4108 et
1300 4063 1461 4107 summum
1484 4048 1517 4106 et
1539 4042 1685 4107 infimum
1702 4042 1847 4108 eiusdem
1864 4044 1995 4128 generis

163 4140 311 4220 ordinem
333 4151 509 4236 significari
530 4150 788 4216 usitatissimum.
835 4148 951 4234 Itaque
975 4145 1135 4232 siquidem
1157 4139 1320 4230 τόμοορος
1342 4151 1394 4211 est
1417 4139 1603 4234 προφήτης,
1634 4145 1768 4210 Themis
1795 4166 1860 4210 ιιοιι
1888 4149 1995 4213 minus

164 4263 241 4344 apte
264 4256 312 4320 ita
333 4254 493 4342 appellari
515 4260 654 4340 poterat,
679 4273 775 4338 quam
798 4251 839 4317 de
857 4250 1011 4336 Apolline
1028 4249 1220 4314 vocabulum
1236 4244 1410 4337 προφήτης
1425 4249 1660 4334 usurpatur15),
1685 4248 1832 4334 quamvis
1847 4250 1995 4340 plerique

164 4360 235 4425 eius
259 4359 378 4426 aetatis
403 4358 582 4446 prophetae
598 4356 714 4421 merito
738 4359 850 4421 essent
865 4375 984 4439 magno
1007 4355 1040 4418 iu
1061 4357 1259 4440 contemptu.
1304 4351 1369 4418 Sed
1393 4352 1420 4418 si
1443 4370 1506 4437 que
1529 4358 1580 4417 est
1596 4351 1732 4417 offensio
1753 4351 1787 4416 in
1808 4351 1860 4417 his
1876 4353 1996 4435 verbis,

164 4483 236 4528 eam
258 4463 292 4528 iu
315 4481 379 4528 uuo
403 4461 539 4526 articulo
562 4453 765 4546 adpositam
781 4477 934 4544 agnosce,
958 4457 1022 4543 qui,
1047 4477 1120 4522 cum
1136 4462 1291 4543 sequatur
1303 4451 1435 4544 μητρός,
1460 4455 1501 4521 ad
1522 4459 1676 4539 μαντεῖον
1691 4456 1852 4542 respicere
1868 4457 1996 4523 videtur

166 4601 572 4610 ——c-——n——b———fl

269 4684 305 4752 ra)
586 4683 625 4738 Ut
637 4701 676 4738 vs.
693 4683 736 4738 24.
762 4681 876 4752 Βρόμιος
893 4679 951 4750 ἔχει
969 4681 1017 4734 τδν
1033 4681 1135 4752 χοῖρον,
1154 4673 1213 4734 αδδ
1232 4675 1391 4749 εἲμνημονῶ,

766 4768 794 4826 a
812 4757 874 4822 οὗτε
894 4767 1012 4838 Βάκχαις
1029 4767 1233 4842 ἐστρατήγησεν
1249 4765 1320 4832 θείς,

759 4853 842 4926 ’λαγοί
859 4854 938 4924 δίκην
956 4855 1060 4910 Πενθεῖ
1074 4853 1254 4924 καταρράψας
1270 4853 1366 4928 μόρον.

270 4945 303 5010 ιι)
325 4943 355 4998 ln
373 4960 465 5013 progr.
484 4959 579 5012 gymu.
598 4941 776 5012 Regiemont.
794 4943 959 4998 Neomarch.
980 4941 1055 4997 1873.

268 5029 303 5096 re)
321 5027 398 5084 Eum.
418 5030 458 5085 19.
478 5029 540 5088 Διδς
557 5028 700 5100 προφήτης
717 5028 742 5082 δ
761 5027 817 5084 ἐστί
838 5028 939 5090 Λοξίας
955 5028 1065 5097 πατρός.
