4602 5640
1058 377 1096 441 13

974 465 1179 476 -.-...-..-...

163 599 309 689 picturis,
333 599 508 665 instructus
534 607 614 666 erat.
661 597 817 664 Ceterum
839 599 944 684 pietas
967 597 1065 664 etiam
1089 597 1311 684 Harpyiarum
1334 600 1462 665 tabulas
1486 601 1604 682 inisse,
1630 621 1826 687 quamquem
1856 607 1995 666 nonest

162 703 328 784 traditum,
354 703 442 768 hsnd
465 703 561 769 facile
584 705 757 789 quisquam
781 703 932 787 negabit;
954 703 1059 788 pictas
1083 711 1173 767 certe
1197 723 1254 768 eas
1279 704 1311 766 in
1334 709 1448 789 patera
1469 703 1607 789 quadam
1624 705 1819 790 Aeginetica
1834 705 1995 791 conspici·

163 807 299 892 mns³¹).
346 807 391 870 At
412 827 454 872 ue
477 807 557 871 illud
578 805 707 892 quidem
724 805 918 872 incredibile
935 805 1193 871 Atheniensibus
1209 845 1250 853 -
1266 807 1319 890 qui
1335 807 1391 872 ubi
1408 805 1572 894 Harpyias
1589 807 1700 872 videre
1717 809 1882 894 potuerint
1896 829 1994 895 repu-

164 919 233 976 tare
249 911 355 996 magis
372 912 471 976 etiam
488 912 624 975 interest
646 908 687 974 ad
704 910 966 996 cognoscendam
988 909 1072 973 hanc
1089 909 1313 994 quaestionem
1338 929 1435 994 quam
1458 911 1514 974 ubi
1530 909 1650 995 Pythia
1668 949 1707 959 —
1726 918 1759 976 et
1774 910 1994 999 Harpyiarnm

164 1016 308 1100 speciem
339 1021 373 1079 et
403 1013 518 1079 Phinei
549 1033 662 1078 cenam
694 1013 864 1098 abreptam
893 1012 925 1075 in
952 1010 1029 1075 ludo
1059 1009 1199 1095 quodam
1230 1011 1370 1094 satyrico
1398 1020 1454 1076 out
1483 1013 1651 1080 comoedia
1674 1021 1854 1100 spectatam
1878 1014 1994 1080 luisse:

165 1137 285 1203 magna
308 1117 395 1182 enim
419 1119 452 1182 in
475 1117 526 1181 his
550 1118 648 1182 rebus
673 1121 706 1180 et
729 1115 841 1201 liguris
866 1119 917 1179 est
939 1113 989 1179 vis
1014 1115 1145 1178 comica.
1191 1111 1285 1192 Tum,
1310 1114 1471 1198 quomodo
1495 1114 1716 1202 γεγραμμένας
1738 1120 1937 1204 glossemate
1962 1119 1995 1183 in

165 1227 290 1286 textum
314 1221 439 1286 illatum
464 1241 538 1285 esse
561 1220 733 1305 fingamus,
756 1219 854 1284 facile
878 1225 927 1282 cst
950 1217 1132 1282 intellectu:
1168 1215 1249 1281 illud
1273 1217 1360 1282 enim
1383 1239 1401 1282 e
1424 1219 1557 1284 lectoris
1582 1219 1750 1287 cuiusdam
1773 1222 1860 1290 docti
1884 1225 1996 1289 notula

165 1333 281 1406 ortum,
305 1325 369 1410 qni,
393 1325 479 1411 qnod
503 1346 616 1390 verum
640 1345 713 1389 esse
729 1329 867 1410 poterat,
890 1344 932 1387 na
955 1324 1027 1406 quis
1050 1321 1090 1386 de
1111 1322 1191 1406 ipsis
1208 1321 1365 1408 Harpyiis
1382 1323 1550 1408 cogitaret,
1575 1331 1631 1389 aut
1652 1333 1689 1390 ut
1704 1347 1772 1390 ram
1792 1328 1995 1413 explanaret,

164 1436 259 1493 eante
289 1449 389 1515 snpra
416 1428 603 1515 adscripsit,
632 1450 652 1492 a
679 1428 810 1492 librario
840 1426 972 1491 indocto
1000 1425 1097 1490 facile
1127 1446 1187 1510 pro
1216 1431 1362 1490 correcto
1394 1425 1524 1508 haberi,
1551 1428 1760 1513 postmodnm
1790 1431 1830 1496 ad
1855 1439 1995 1496 metrum

165 1533 349 1616 elegantius
378 1532 643 1598 conformandum
674 1531 812 1617 proximi
842 1551 957 1594 versus
986 1530 1077 1594 nulls
1099 1529 1225 1594 ratione
1249 1527 1362 1594 babitu
1389 1530 1422 1594 in
1447 1538 1595 1596 extremo
1618 1553 1715 1597 versu
1738 1535 1852 1619 reponi
1875 1537 1995 1620 potuit;

166 1638 257 1702 euius
282 1637 328 1701 rei
352 1637 435 1700 hane
459 1656 606 1723 propono
630 1635 774 1700 tabulam
798 1635 941 1699 numeris
966 1633 1158 1719 subscriptis
1180 1653 1265 1718 quae
1289 1633 1385 1698 hodie
1409 1634 1564 1719 leguntur
1586 1635 1839 1720 significantem:

830 1769 1052 1858 τετραμμένας

699 1867 787 1942 ridor
830 1868 1051 1961 pinsionarios
1096 1876 1193 1963 ποτῇ
1216 1869 1254 1962 δὴ
1309 1872 1428 1961 φινέιυς

934 1995 951 2048 4
1120 1995 1134 2048 l
1215 1993 1232 2047 2
1356 1995 1373 2047 3

165 2103 328 2166 Attamen
365 2110 515 2168 conatum
551 2121 658 2165 meum
692 2107 729 2164 nt
762 2121 819 2186 pro
851 2120 928 2164 vero
964 2097 1129 2164 venditem
1160 2099 1296 2163 multum
1326 2099 1435 2169 abest:
1464 2099 1520 2164 sod
1551 2099 1700 2166 lacunam
1725 2101 1812 2166 illam
1836 2101 1877 2166 ad
1900 2104 1997 2168 unius

166 2203 315 2289 syllabae
340 2208 480 2292 spatium
505 2204 675 2290 redegisse
699 2224 764 2268 non
787 2203 902 2268 inutile
927 2201 1100 2267 videbitur.

683 2328 735 2392 52.
769 2321 918 2410 ῥέγκουσι
941 2322 970 2389 δ’
995 2315 1033 2390 σί·
1057 2323 1238 2389 στλαστοῖσι
1262 2319 1469 2412 φυσιάμασιν

165 2445 281 2510 Verba
307 2438 345 2510 ori
373 2445 553 2510 πλασταῖσι
583 2439 788 2531 φυσιάμασιν
816 2444 1025 2511 Hermannus
1056 2465 1171 2532 parum
1201 2451 1277 2531 apte
1306 2446 1467 2533 explicat:
1492 2449 1569 2510 ‘nou
1591 2445 1675 2511 lictis
1699 2447 1857 2524 flatibus'3
1879 2449 1997 2514 melius

167 2550 308 2615 Nestus:
332 2549 573 2630 ‘unmoduliert
597 2547 700 2613 raub’.
747 2548 812 2614 Sed
835 2549 897 2614 boc
920 2549 1002 2614 nihil
1025 2549 1135 2628 habet,
1152 2549 1237 2634 quod
1259 2551 1301 2613 sit
1317 2549 1625 2615 commemoratione
1641 2549 1785 2635 dignum,
1801 2553 1878 2638 quia
1893 2573 1999 2638 aeque

169 2653 258 2717 volet
280 2653 320 2718 ad
345 2675 459 2718 omnes
483 2654 537 2739 qni
561 2659 711 2718 stertunt.
756 2651 892 2718 Rectius
923 2654 1024 2738 igitur
1054 2653 1203 2740 plerique
1232 2653 1374 2720 editores
1397 2655 1600 2738 scripserunt
1624 2645 1661 2718 οὐ
1684 2653 1845 2720 πλατοῖσι
1868 2656 1997 2742 ‘quibus

165 2757 387 2842 periculosum
405 2765 456 2822 est
472 2754 757 2843 appropinquare’,
780 2756 959 2843 prudenter
973 2758 1188 2843 respicientes
1212 2756 1254 2822 ad
1278 2779 1323 2822 vs.
1344 2759 1404 2822 139
1416 2757 1468 2843 ³²).
1515 2755 1558 2821 Et
1581 2778 1654 2822 cum
1675 2758 1853 2824 litteramo
1876 2762 1998 2826 servari

165 2859 280 2926 malim
304 2860 559 2948 transponendo,
584 2860 679 2925 facile
704 2861 828 2926 conicio
851 2860 953 2925 fuisse
976 2860 1018 2924 ab
1041 2860 1209 2945 Aeschylo
1232 2860 1404 2945 scriptum:

681 2979 831 3070 ῥέγκουσι
855 2975 1130 3047 δυσπλάτοισι
1155 2975 1361 3070 φυσιάμασιν

167 3102 259 3188 qnod
281 3102 420 3168 eandem
443 3103 582 3188 praebet
606 3103 803 3168 sententiam
827 3100 1011 3187 elegantius
1033 3102 1132 3190 paulo
1154 3121 1357 3188 expressam.
1403 3100 1464 3165 Cui
1489 3099 1711 3167 emendationi
1734 3120 1840 3187 neque
1864 3103 1999 3168 metrica

166 3206 252 3270 ratio
277 3205 441 3290 obstat³³)
465 3227 572 3291 neque
596 3204 633 3271 δέ
655 3205 879 3292 omissum³⁴);
902 3213 935 3270 et
958 3227 1030 3271 cem
1053 3205 1189 3270 exhibet
1211 3204 1267 3270 illa
1290 3205 1494 3290 scripturam,
1519 3227 1537 3270 a
1562 3226 1626 3291 qua
1649 3203 1769 3270 codicis
1785 3206 1888 3270 verba
1909 3207 1998 3271 nullo

166 3308 337 3374 molimine
362 3309 446 3374 ellici
465 3311 639 3396 potuerint.
673 3309 819 3375 Similem
843 3317 952 3375 autem
976 3329 1092 3374 sonum
1107 3329 1224 3374 uocum
1240 3301 1669 3398 δυσπλάτοισι-δυσφιλῆ
1687 3309 1752 3392 (52.
1771 3308 1827 3393 53)
1851 3308 1999 3375 fastidire

165 3411 406 3478 Germanorum
428 3412 568 3478 fortasse
592 3421 653 3496 est,
677 3419 766 3479 certe
790 3434 855 3478 nou
878 3411 1089 3479 Graecorum.
1130 3411 1186 3476 Sic
1207 3410 1292 3476 iufra
1314 3412 1453 3496 legimns
1475 3412 1584 3476 κακῶν
1606 3447 1648 3460 -
1666 3405 1766 3478 κακόν
1788 3411 1870 3498 (71),
1895 3408 1999 3480 στόνου

163 3551 209 3562 —-
233 3509 337 3593 πόνος
359 3513 445 3600 (132.
471 3517 537 3602 33),
560 3515 656 3582 δαΐου
679 3513 801 3600 δαμίου
825 3515 927 3602 (160),
950 3511 1119 3600 μεταίτιος
1143 3551 1181 3561 -
1206 3509 1383 3593 παναίτιος
1405 3513 1494 3600 (199.
1518 3515 1605 3600 200).

687 3639 738 3703 53.
773 3634 809 3701 br
831 3635 859 3702 δ’
884 3627 1040 3719 ὀμμάτων
1061 3629 1208 3719 λείβουσι
1231 3633 1375 3722 δυσφιλῆ
1397 3630 1464 3701 δία.

165 3758 319 3823 Primum
342 3765 481 3844 apparet
502 3758 587 3823 hune
610 3779 742 3823 versum
766 3757 808 3822 ad
832 3757 961 3842 singulo
982 3757 1050 3822 fere
1076 3755 1178 3821 verba
1202 3776 1277 3820 esse
1301 3753 1500 3841 descriptum
1525 3776 1566 3819 ex
1591 3755 1737 3843 Ohoeph.
1761 3777 1809 3822 vs.
1834 3758 1915 3822 1058
1937 3748 2002 3836 κάξ

167 3853 331 3944 ὀμμάτων
357 3854 534 3942 στάζουσιν
560 3851 644 3944 αἷμα
667 3859 839 3948 δυσφιλές,
863 3866 1064 3947 quapropter
1087 3860 1120 3924 in
1144 3857 1350 3925 emendanda
1373 3879 1453 3923 voce
1477 3855 1534 3923 δία
1558 3878 1654 3945 quam
1677 3861 1828 3947 proxime
1850 3858 1891 3925 ad
1915 3850 2000 3943 αἷμα

168 3964 332 4030 accedere
348 3971 438 4030 recte
454 3964 668 4031 studebimus.
714 3964 775 4030 Oui
791 3965 840 4030 rei
855 3984 963 4049 neque
978 3963 1154 4050 Burghesii
1180 3964 1369 4028 coniectura
1383 3959 1461 4048 λίβα
1484 3983 1592 4048 neque
1605 3961 1784 4030 Wieseleri
1807 3969 1840 4030 et
1857 3961 2001 4028 Gothani

168 4063 250 4133 δι’·αν
275 4068 372 4154 plane
398 4068 591 4134 satisfacere
615 4067 782 4143 videntum
805 4074 979 4154 praeterea
1007 4067 1054 4155 illi
1086 4066 1195 4131 obstat
1218 4065 1305 4152 quod
1333 4088 1374 4131 ea
1405 4066 1584 4130 accusativi
1607 4067 1712 4132 forma
1734 4067 1884 4134 vocabuli
1906 4061 2002 4152 λιβάς

169 4191 331 4258 nusquam
356 4170 587 4256 invenitur⁸³);
618 4171 710 4254 huic,
742 4170 828 4256 quod
856 4165 918 4234 δύα
947 4191 1011 4235 vox
1033 4170 1163 4236 omnino
1186 4188 1252 4234 non
1276 4175 1387 4236 exstet
1409 4168 1531 4255 scripta
1552 4169 1615 4234 uisi
1638 4169 1671 4234 in
1694 4169 1852 4255 Hesycbii
1876 4171 2000 4255 glossa:

275 4468 313 4533 ιι)
332 4464 461 4529 noeane,
480 4465 545 4520 nex.
563 4465 589 4519 o.
605 4447 650 4536 ‘gs
669 4483 695 4519 u.
714 4483 735 4519 r.
754 4463 871 4532 uynor.
890 4481 918 4532 p.
933 4461 1051 4529 maur.
1089 4459 1169 4515 ures.
1189 4461 1250 4531 ng.
1270 4461 1346 4515 resa.
1364 4461 1415 4516 ro.
1433 4461 1457 4516 s.

272 4555 310 4618 se)
331 4547 410 4624 (λιμῷ
426 4550 666 4620 κατισχναίνουσα,
685 4550 783 4619 νηδύος
800 4549 873 4622 πυρὶ.

275 4641 312 4706 ³³)
330 4637 406 4709 Sept.
421 4639 461 4695 19.
480 4637 611 4712 ἐθρέψατ’
629 4638 774 4707 οἰκητῆρας
792 4631 1006 4706 ἀσπιδηφόρους.

275 4727 312 4790 τι)
332 4723 468 4780 Similiter
484 4727 570 4793 atque
589 4723 634 4779 hic
652 4723 688 4778 ad
705 4724 834 4792 μέλαιναι
852 4721 877 4773 δ’
895 4721 922 4781 ἐς
938 4723 970 4776 ro*
988 4722 1044 4774 πᾶν
1061 4720 1254 4790 βδελύκτροποι
1271 4720 1387 4789 adiungi
1402 4718 1557 4778 άσυνδέτως
1574 4717 1636 4772 volo
1655 4717 1782 4788 ῥέγκουσι
1801 4717 1899 4782 dsunt,
1918 4733 2003 4788 supra

172 4817 269 4880 petrus
288 4811 422 4880 Coryciae
440 4811 730 4866 commemorationem
749 4809 802 4878 (22.
814 4809 859 4876 23)
879 4807 1023 4878 excipiunt
1042 4803 1196 4865 άσονδέτως
1209 4826 1214 4859 :
1229 4805 1343 4876 Βρόμιος
1360 4804 1418 4875 ἔχει
1435 4804 1485 4858 τδν
1502 4807 1594 4874 χῶρον
1612 4803 1675 4871 (24).

276 4901 313 4966 au)
334 4897 376 4952 Ci.
395 4897 515 4953 Schultz.
528 4898 546 4952 l.
560 4898 577 4951 l.
591 4915 618 4968 p.
631 4899 655 4952 9.
686 4894 768 4966 Apud
782 4895 948 4962 Aeschylum
962 4895 1095 4964 leguntur
1107 4911 1124 4947 a
1139 4893 1274 4947 vocabulo
1290 4893 1340 4960 λίψ
1353 4892 1496 4947 derivatae
1508 4892 1561 4946 hae
1575 4892 1691 4944 formae:
1711 4891 1833 4960 Clroepb.
1846 4891 1904 4946 292.
1923 4891 2003 4959 φιλο-

173 4985 296 5039 σπόνδου
313 4985 395 5052 λιβός.
430 4983 471 5040 Fr.
486 4985 528 5038 52.
548 4985 609 5043 Διός
626 4985 747 5054 σωτῆρος
765 4977 894 5036 εὐκταίαν
912 4981 980 5049 llere,
1004 4984 1124 5050 utruque
1141 4981 1176 5034 de
1195 4979 1332 5035 libatione
1350 4980 1437 5040 dict-ru
1458 4993 1549 5046 neque
1568 4975 1660 5044 tortia,
1679 4993 1751 5046 quae
1770 4979 1862 5031 exstat
1881 4975 1909 5032 iu
1929 4977 2004 5046 inig-

173 5077 266 5126 mcnto
286 5075 418 5141 corrupto
436 5073 477 5127 68.
498 5067 691 5141 άφθονέστερα
709 5069 778 5138 tipo,
798 5069 881 5123 aliter
900 5072 1034 5138 rrsnrpntn
1052 5085 1111 5122 esse
1130 5067 1249 5123 videtur.
