4602 5640
1176 291 1195 353 2

376 514 421 578 At
451 515 548 600 longo
579 516 613 579 fit
642 515 744 581 aliter.
792 515 932 579 Orestes·
952 513 1038 578 enirn
1062 534 1134 578 oum
1163 512 1204 578 ad
1229 511 1399 598 Pythicam
1422 510 1475 576 dei
1500 511 1612 578 sedern
1637 515 1777 600 supplex
1800 515 1933 598 adierit,
1965 517 2108 604 benigne

270 616 401 702 quidem
425 617 582 704 recipitur
605 617 646 682 eb
671 641 721 698 eo,
746 618 804 684 scd
827 623 863 682 ut
885 618 1036 682 continuo
1054 616 1211 682 liberetur
1225 614 1397 680 Furiarum
1413 616 1587 682 vexatione
1604 624 1729 682 tanturn
1747 617 1850 700 abest,
1874 626 1909 684 ut
1926 621 2107 706 longissimi

270 721 388 787 erroris
420 719 565 786 laborem
597 723 779 808 suscipere,
809 721 949 808 denique
980 721 1120 786 Athenis
1147 719 1301 786 iudicium
1332 719 1442 784 subire
1470 720 1631 786 iubeatur.
1684 721 1777 787 Haec
1809 745 1883 788 curn
1909 724 1943 788 in
1971 725 2106 814 antiqua

273 825 385 890 fabula
406 831 495 890 recte
520 845 555 892 se
578 825 721 890 habeant
739 861 776 874 -
794 847 857 891 non
880 825 991 912 inepte
1015 824 1101 894 eninr
1126 845 1166 890 eo
1189 843 1223 888 re
1245 823 1421 908 significari
1446 844 1566 889 censeo
1591 823 1742 892 Orestem
1766 829 1907 894 atrocius
1931 829 1964 893 in
1987 851 2023 894 se
2046 828 2103 894 sd-

270 928 400 994 misisse
423 929 559 1008 facinus,
584 950 678 1014 qnam
703 929 788 1016 quod
812 929 940 994 usitatis
964 928 1101 1015 piaculis
1122 929 1240 1008 luatur,
1259 926 1348 990 -in
1372 927 1522 992 scaenico
1547 934 1697 1013 poemate
1721 931 1828 996 minus
1852 933 1983 1018 probari
2007 955 2105 1019 posse

273 1029 432 1098 ridentur.
480 1031 577 1097 Certe
601 1033 685 1096 enirn
704 1033 825 1119 Apollo
848 1034 931 1098 haee
954 1054 1019 1097 non
1043 1033 1149 1096 minus
1172 1031 1257 1097 bene
1274 1031 1483 1118 praeviderat
1497 1052 1595 1116 quam
1619 1033 1693 1108 illa;
1717 1033 1828 1119 itaque
1845 1035 1926 1099 nihil
1943 1033 2106 1118 obstabat,

271 1135 348 1220 quin
370 1136 413 1200 ab
436 1135 527 1200 initio
551 1142 587 1200 ut
610 1134 747 1201 Orestes
770 1141 846 1222 post
869 1136 981 1202 matris
1006 1136 1141 1201 caedem
1163 1135 1313 1200 Athenas
1337 1157 1373 1200 se
1396 1135 1557 1200 conferret
1581 1135 1743 1215 suaderet,
1767 1157 1873 1224 neque
1895 1139 2106 1204 metuendum

270 1243 357 1317 erat,
388 1260 428 1303 no
456 1239 607 1314 Orestes,
637 1240 664 1304 si
692 1245 790 1306 antes
818 1241 1029 1326 cognovisset
1058 1240 1188 1306 labores
1212 1237 1457 1319 sustentandos,
1487 1239 1662 1306 desisteret
1689 1261 1709 1304 a
1738 1245 1867 1306 conatu.
1912 1241 1987 1308 Non
2020 1245 2108 1310 enim

271 1341 420 1422 dubium,
449 1342 526 1428 quin
556 1343 627 1428 ipse
656 1363 780 1410 summo
812 1343 914 1431 patris
937 1343 1119 1408 ulciscendi
1142 1333 1250 1410 stddio
1274 1343 1428 1408 incensus
1452 1343 1562 1417 fuerit3
1595 1350 1780 1430 praeterea,
1805 1344 1832 1408 si
1856 1346 2107 1412 omitteret'hoc

271 1445 427 1527 officium,
456 1446 685 1512 acerbissimas
717 1469 842 1535 poenas
869 1447 1085 1514 denunciatus
1109 1446 1262 1513 habebat.
1307 1446 1428 1512 Contra
1451 1447 1584 1532 Apollo,
1615 1433 1696 1510 cum
1711 1444 1864 1512 Orestem
1887 1447 2034 1536 Delphos
2057 1451 2106 1515 in-

271 1551 368 1630 vitet,
398 1551 492 1636 plura
520 1551 667 1636 polliceri
695 1551 840 1627 videtur,
868 1571 965 1637 quam
996 1573 1031 1616 se
1055 1556 1224 1637 praestare
1255 1571 1353 1636 posse
1385 1550 1456 1635 ipse
1480 1570 1543 1614 non
1566 1552 1711 1635 ignoret:
1746 1571 1842 1636 quam
1866 1552 2105 1620 simulationem

272 1653 368 1718 deum
392 1653 525 1718 minime
549 1653 666 1719 decere
690 1660 834 1742 apparet.
880 1653 991 1740 Atque
1014 1675 1056 1720 ne
1080 1655 1152 1740 quis
1175 1653 1263 1718 dicat
1284 1652 1436 1718 Orestem
1462 1652 1533 1718 cius
1548 1651 1751 1718 lustrationis
1769 1675 1879 1736 causa,
1902 1676 2000 1740 quam
2017 1679 2104 1721 com-

273 1761 433 1822 memorat
456 1755 551 1823 Eum.
576 1779 639 1822 sss.
663 1759 734 1823 282.
753 1759 810 1822 83:

770 1857 945 1928 ποταίνιον
967 1857 1028 1947 γὰρ
1052 1853 1088 1929 ὃν
1111 1855 1273 1946 (μίασμα)
1297 1854 1383 1945 πρὸς
1406 1853 1500 1948 ἑστίᾳ
1524 1860 1607 1926 θεοῦ

773 1961 901 2051 Φοίβου
923 1967 1113 2052 καθαρμοῖς
1135 1956 1248 2051 ἠλάθη
1269 1957 1499 2048 χοιροκτόνοις.

273 2091 419 2178 Delphos
449 2095 625 2180 confugere
657 2115 795 2162 necesse
825 2116 909 2161 esse.
953 2090 1039 2162 Nam
1066 2095 1114 2159 illi
1136 2087 1310 2178 aodnppoi
1333 2093 1448 2179 quovis
1471 2093 1536 2158 alio
1559 2093 1629 2157 loco
1653 2094 1724 2159 fieri
1747 2101 1898 2180 poterant
1921 2104 1954 2161 et
1978 2103 2052 2162 sont
2075 2099 2107 2162 in

275 2195 392 2262 Oreste
414 2197 493 2262 lacti
515 2197 665 2284 pluribus
689 2199 781 2265 locis.
825 2198 940 2286 Neque
963 2199 1022 2264 hos
1047 2219 1160 2266 versos
1181 2219 1240 2286 pro
1257 2198 1479 2285 suppositioiis
1501 2220 1554 2264 me
1578 2198 1701 2266 habere
1718 2199 1856 2284 prodere
1873 2201 1998 2283 dubito,
2023 2202 2107 2288 quod

274 2321 337 2367 non
360 2322 420 2367 suo
442 2303 513 2368 looo
537 2309 612 2370 sunt
633 2305 757 2370 inserti.
801 2304 946 2370 Primum
971 2305 1073 2384 anim,
1097 2325 1171 2369 cum
1194 2303 1334 2389 Delphis
1358 2307 1544 2368 versantem
1569 2301 1719 2368 Orestem
1744 2303 1902 2384 ridemus,
1926 2304 1967 2371 de
1990 2307 2108 2371 lustra·

276 2405 362 2470 tione
387 2405 466 2472 nihil
490 2409 715 2494 comperimus.
754 2407 895 2489 Deinde,
917 2406 951 2471 id
975 2405 1060 2493 quod
1083 2408 1260 2473 maximum
1285 2413 1346 2488 est,
1369 2406 1537 2472 Minervae
1561 2405 1643 2472 illud
1666 2405 1774 2472 dicere
1798 2407 1940 2473 debebat
1962 2409 2108 2490 Orestes,

276 2531 340 2576 non
362 2509 471 2576 Furiis
496 2512 548 2574 vel
577 2511 647 2597 ipse
671 2512 749 2596 sibi,
782 2513 931 2599 quoniam
956 2509 1130 2578 ostendere
1152 2511 1320 2576 Minervae
1344 2531 1380 2577 se
1403 2511 1493 2576 nullo
1514 2511 1581 2575 ianr
1604 2510 1734 2597 piaculo
1758 2531 1832 2576 esse
1856 2513 2109 2579 contaminatum

275 2613 450 2699 plurimum
473 2613 545 2678 eius
568 2613 716 2684 interest.
761 2615 844 2681 Turn
868 2621 982 2701 aptum
1006 2621 1076 2680 erat
1099 2633 1354 2680 commemorare
1379 2635 1414 2678 se
1437 2613 1472 2677 in
1494 2633 1552 2680 ara
1575 2612 1736 2698 Apollinis
1760 2615 1918 2680 carissimi
1941 2617 2109 2684 Minervae

273 2717 384 2782 ,fratris
406 2718 579 2782 lustratum
604 2737 688 2783 esse.
735 2716 802 2783 Sed
825 2718 956 2783 omnino
980 2717 1061 2782 nihil
1085 2717 1125 2784 de
1149 2724 1216 2782 tam
1239 2723 1421 2804 opportuna
1443 2737 1479 2782 re
1505 2717 1644 2783 ethaeo
1668 2723 1795 2782 tantum
1819 2717 1896 2784 dicit
1919 2720 1992 2785 illc:

680 2841 751 2902 447.
774 2834 949 2928 τεκμήριον
971 2836 1008 2904 δὲ
1030 2835 1132 2904 τῶνδέ
1153 2860 1207 2905 σοι
1230 2834 1312 2918 λέξω
1335 2835 1427 2924 μέγα·

775 2935 947 3031 ἂίμθογμον
964 2934 1049 3009 εἶναι
1071 2938 1127 3008 τὸν
1150 2942 1361 3025 παλαμναῖον
1383 2935 1492 3025 νόμος,

775 3041 841 3114 ἔστ’
865 3040 904 3112 tto
926 3041 1012 3132 πρὸς
1034 3037 1151 3132 ἀνδρὸς
1171 3045 1314 3128 αἵματος
1336 3039 1525 3129 καθαρσίου

772 3148 899 3239 σφαγαὶ
923 3144 1162 3234 καθαιμάξωσι
1185 3143 1347 3236 νεοθήλου
1369 3149 1479 3234 βοτοῦ.

773 3249 880 3322 πάλαι
904 3248 989 3340 πρὸς
1011 3245 1123 3334 ἶν’λλοις
1145 3253 1235 3318 ταῦτ’
1261 3245 1479 3340 ἀφιερώμεθα

681 3363 753 3426 452.
778 3353 900 3426 οἴκοισι
923 3355 980 3424 καὶ
1003 3360 1134 3443 βοτοῖσι
1156 3355 1214 3422 καὶ
1234 3360 1344 3438 ῥυτοῖς
1366 3350 1494 3440 πόροις.

275 3461 469 3548 quibuscum
494 3463 534 3527 ol.
557 3483 638 3528 rsa:

682 3570 753 3635 238.
778 3565 848 3632 ἀλλ’
872 3559 999 3652 ἀμβλὺν
1019 3559 1082 3654 ἤδη
1106 3561 1399 3652 προςτυκριμμένον
1420 3588 1455 3630 τε
1478 3560 1563 3650 πρὸς

684 3672 756 3736 239.
781 3662 929 3736 ἄλλοισιν
952 3664 1057 3747 οἷ’κοις
1079 3667 1136 3735 καὶ
1160 3663 1366 3754 πορεύμασιν
1387 3671 1521 3754 βροτῶν.

385 3820 438 3886 lla
469 3821 518 3886 his
550 3842 640 3902 sero,
669 3827 705 3886 ut
736 3821 799 3884 sint
822 3820 869 3886 illi
893 3840 1007 3885 versus
1031 3812 1206 3886 nescisses
1228 3811 1289 3902 μὰρ
1314 3808 1350 3883 iis
1372 3840 1400 3881 κ.
1416 3841 1444 3883 τ.
1462 3816 1489 3882 λ.
1513 3818 1685 3904 Aeschyli,
1718 3824 1816 3903 atque
1840 3823 1876 3882 ut
1899 3817 1939 3880 sit
1963 3814 2115 3880 lustratio

277 3925 439 4014 quaedam
470 3925 598 3991 Orestis
626 3925 765 4010 Delphis
796 3925 901 4006 lacte,
937 3922 969 3987 id
998 3922 1086 4008 quod
1113 3922 1247 3988 minime
1275 3917 1427 4008 equidem
1457 3943 1557 4006 nego,
1589 3929 1720 4007 poetam
1751 3922 1782 3986 ei
1810 3922 1857 3986 rei
1888 3941 1953 3986 non
1985 3924 2115 3984 tantum

279 4029 438 4095 momenti
460 4027 614 4094 tribuisse
638 4030 717 4094 satis
738 4049 897 4116 apparere
922 4049 1050 4110 censeo,
1074 4034 1111 4093 ut
1134 4049 1177 4094 ex
1200 4047 1241 4092 ea
1263 4029 1366 4092 totum
1388 4025 1469 4091 illud
1491 4025 1688 4112 Delphicum
1710 4025 1903 4112 supplicium
1920 4043 2115 4108 suspensum

278 4133 402 4200 faceret
415 4134 448 4214 ¹).
496 4130 561 4196 Sed
589 4133 738 4214 retinuit,
767 4133 843 4218 quia
870 4131 1019 4196 omittere
1047 4151 1111 4196 non
1139 4127 1293 4196 debebat.
1339 4127 1431 4202 Quae
1460 4151 1513 4194 res
1543 4130 1641 4194 aliam
1670 4135 1703 4194 et
1733 4129 1889 4192 maiorem
1914 4132 2002 4192 certe
2026 4119 2112 4190 diffi-

280 4237 436 4302 cultatem
467 4236 498 4300 ei
526 4234 694 4301 afferebat.
739 4235 823 4301 Nam
846 4255 931 4321 quae
953 4233 1093 4322 Delphis
1118 4233 1206 4299 faeta
1229 4253 1302 4296 esse
1327 4233 1469 4318 accepit,
1499 4253 1614 4318 preces
1638 4232 1766 4298 Orestis
1789 4231 1861 4297 dico
1884 4237 1917 4296 et
1939 4230 2116 4294 Furiarum

278 4344 438 4428 impetus,
470 4339 585 4406 eadem
618 4338 757 4404 Athenis
788 4341 893 4427 primo
920 4346 1068 4425 tempore
1096 4345 1190 4403 erant
1219 4334 1436 4417 ostendenda,
1468 4336 1514 4401 ita
1541 4343 1576 4401 nt
1605 4337 1702 4400 facile
1735 4336 1920 4400 satietatem
1951 4332 2116 4420 quandam

281 4447 400 4512 afferre
430 4451 578 4531 possent.
630 4443 735 4518 Quam
767 4451 803 4510 ut
827 4445 989 4529 effugeret
1011 4441 1197 4526 Aeschylus
1221 4440 1336 4506 Furias
1359 4439 1499 4525 Delphis
1529 4441 1669 4526 primurn
1697 4439 1828 4524 quidem
1851 4439 2050 4504 dormientes
2081 4443 2117 4502 et

281 4550 405 4618 sensim
430 4551 699 4636 expergiscentes
723 4547 827 4629 finxit,
851 4569 934 4634 quse
959 4568 1012 4613 res
1035 4545 1108 4632 ipso
1131 4549 1259 4631 gratam
1282 4549 1435 4630 aspectus
1455 4543 1647 4609 varietatem
1663 4541 1854 4629 praebebat.
1900 4539 1964 4608 Sed
1988 4561 2028 4607 ea
2048 4561 2118 4607 non

282 4659 456 4720 contentus
472 4653 660 4740 Aeschylus
682 4650 877 4734 admirabili,
901 4672 984 4738 quae
1007 4651 1079 4716 eius
1104 4655 1183 4729 erat,
1208 4647 1346 4713 audacia
1370 4645 1410 4711 ad
1434 4645 1556 4712 inlesos
1580 4645 1750 4711 descendit
1772 4643 1812 4712 cd
1830 4643 2118 4730 Clytaemnestram

282 4811 520 4822 ——v—..—----

389 4915 411 4982 r)
431 4913 490 4967 llas
508 4911 650 4965 sententia
671 4915 702 4964 ut
720 4909 890 4972 desisterem,
910 4924 1000 4976 neque
1020 4907 1051 4961 0.
1064 4905 1214 4960 Muellerus
1228 4921 1318 4974 neque
1331 4905 1469 4959 Mollvons
1486 4904 1515 4958 in
1528 4905 1734 4974 programmate
1747 4901 1887 4972 gyrnnasii
1902 4901 2118 4968 Parchimensie,

283 5002 358 5072 quod
376 4998 519 5070 inscripsit
538 4997 712 5068 ‘Dorlegung
731 4997 779 5052 des
797 4995 913 5051 inneren
931 5010 1038 5065 ganges
1057 4994 1105 5049 der
1124 4991 1356 5062 Aeschyleischen
1376 4990 1493 5047 Orestis.
1518 4991 1602 5055 1862*
1621 4989 1786 5060 persuadere
1805 4987 1873 5043 mihi
1892 4989 2054 5059 potuerunt.
