4602 5640
1062 447 1068 453 ,
1136 359 1192 452 2⁵.
1234 447 1266 454 .,

233 575 286 642 Ex
317 597 380 662 quo
410 581 429 640 1
459 577 581 641 lineola
608 576 728 641 omissa
759 574 864 640 erasit
896 595 1004 660 ηρνεσ,
1040 574 1112 654 σαὶ,
1146 595 1220 640 oum
1249 596 1315 639 una
1344 575 1471 660 syllaba
1494 577 1605 642 rersni
1627 575 1778 658 deesset,
1813 585 1938 643 temere
1962 574 2073 641 adiec·

234 689 303 746 tum
338 689 389 770 est
415 683 452 748 0.
503 681 621 746 Aetire
655 701 729 745 enm
766 678 919 743 eoristnm
948 684 1138 764 usurpatum
1163 679 1345 744 invenimus
1370 680 1402 744 in
1427 679 1706 765 Soph.frg.164:
1730 673 1844 766 ἤρικόν
1871 704 1920 746 νιν
1949 672 2072 746 ridicas.

233 783 435 869 Aeschylum
472 804 511 848 eo
542 782 699 848 vocabulo
733 781 782 846 bis
813 801 908 845 usum
930 801 1004 846 esse
1029 781 1216 866 scimus⁰⁴)‚
1250 781 1336 868 quod
1361 803 1458 868 qnam
1482 788 1594 868 aptum
1617 783 1659 848 sit
1681 782 1778 848 huius
1801 783 1865 848 loci
1889 783 2073 848 sententiae

235 893 386 974 apparet:
412 887 570 972 ‘prolecto
594 885 636 950 ed
659 905 811 970 magnam
835 884 1109 970 contemptionem
1132 889 1166 948 et
1190 883 1231 948 ad
1254 884 1392 950 nihilum
1415 885 1485 950 lere
1508 885 1671 971 infregisti
1687 885 1823 950 Iunonis
1847 885 2016 972 pronubae
2040 893 2073 951 et

236 989 324 1055 Iouis
359 991 451 1074 leges
487 988 639 1054 sanctes’.
694 987 832 1054 Servate
861 987 973 1052 coristi
1005 987 1140 1052 secundi
1169 989 1201 1052 vi
1229 988 1438 1053 intransitiva
1463 989 1562 1054 scribi
1592 991 1691 1056 etiarn
1722 993 1832 1076 potest
1853 983 1980 1078 ίίρικενς
2015 989 2073 1056 sed

234 1093 366 1178 longius
390 1091 516 1157 recedit
539 1113 558 1156 a
583 1094 753 1179 scriptura.
778 1098 811 1155 et
834 1091 994 1156 sermonis
1017 1091 1120 1175 vigori
1143 1092 1252 1156 utilius
1276 1090 1396 1177 Apollo
1418 1091 1537 1158 Furias
1561 1093 1744 1178 alloquitur.

649 1231 721 1295 2¹7.
756 1221 829 1313 ἕανὴ
853 1221 914 1312 γὰρ
936 1217 1029 1310 ἀνδρί
1053 1221 1108 1292 adt
1132 1225 1257 1312 γυναικί
1282 1221 1441 1312 μόρσιμοι

762 1323 911 1414 ὅρκοίσει
937 1325 1059 1412 μείζων
1079 1331 1134 1418 τῆι
1158 1327 1233 1418 δίκη
1257 1328 1480 1419 φρουρουμένη

756 1427 779 1520 ἢ
799 1434 907 1498 τόισιν
929 1425 986 1498 ὀῦν
1008 1429 1190 1498 κτείνουσιν
1212 1426 1376 1521 ἇλλήλοισ
1399 1433 1520 1514 χαλᾶισ

759 1531 797 1601 τὸ
820 1561 865 1622 μη
889 1533 1042 1621 γενέσθαι
1065 1531 1143 1624 μὴδ’
1168 1531 1364 1602 ἐποπτεύειν
1387 1531 1486 1602 κόσοι

649 1642 722 1704 221.
758 1631 797 1704 lic
821 1641 901 1726 φημ’
927 1632 1059 1725 ὀρίστην
1081 1637 1110 1724 y'
1134 1635 1273 1704 dedistne
1294 1631 1566 1727 cirdpqlacsiv⁶⁵).

235 1777 298 1841 Pro
323 1772 483 1862 μόρσιμον
513 1777 661 1863 plerique
683 1772 861 1860 μόρσιμος,
897 1778 994 1862 pauci
1015 1771 1172 1862 μορσίμη.
1211 1776 1343 1842 Codicis
1372 1778 1554 1863 scripturae
1579 1776 1733 1856 similius,
1769 1775 1796 1840 si
1818 1775 1899 1840 fides
1923 1775 2072 1841 habenda

236 1885 288 1945 est
306 1878 450 1946 Gothani
472 1881 520 1944 illi
542 1881 677 1958 monito,
702 1901 765 1965 qno
787 1900 887 1966 supro
909 1881 961 1944 usi
985 1881 1162 1965 sumns⁸⁸)‚
1184 1877 1373 1966 μορσίμοιν,
1397 1901 1457 1946 nec
1480 1902 1554 1962 non,
1579 1879 1686 1960 credo,
1711 1879 1894 1944 sententiae
1917 1878 2073 1947 salutare.

236 2003 332 2067 qnam
364 1984 406 2050 ab
436 2005 522 2070 vage
551 1983 724 2049 latitudine
755 1989 788 2047 ot
811 1991 944 2048 austera
972 1985 1172 2049 necessitate
1202 1984 1243 2049 ad
1273 1985 1413 2050 arctiora
1440 1990 1473 2048 et
1496 1984 1647 2048 suaviore
1669 1982 1817 2048 revocari
1841 1979 1929 2045 haud
1952 1983 2067 2046 inutile

236 2087 396 2151 duxerim.
441 2085 621 2152 Recordeti
645 2087 744 2172 igitur
767 2087 967 2172 singularem
991 2087 1080 2150 illurn
1105 2089 1233 2152 numeri
1257 2087 1363 2154 dualis
1379 2109 1485 2168 usum,
1508 2093 1545 2151 nt
1560 2087 1696 2152 duorum
1714 2086 1953 2172 copulationem
1971 2085 2071 2170 signi-

236 2188 379 2274 ficet⁶⁷)‚
410 2189 493 2255 haee
517 2190 720 2255 inveniemus
743 2190 941 2275 ‘coniugium
965 2190 1050 2254 enim
1075 2191 1143 2255 viro
1168 2197 1201 2255 et
1224 2192 1368 2272 mulieri,
1392 2191 1447 2278 qni
1472 2190 1602 2276 quidem
1627 2180 1696 2256 sint'
1714 2189 1800 2254 iusta
1821 2187 1896 2274 lege
1920 2187 2072 2274 copulati,

236 2291 443 2358 iureiurando
468 2297 519 2356 est
542 2291 669 2358 mains'.
713 2287 877 2377 μόρσιμος
899 2297 1009 2356 antem
1032 2291 1085 2357 lric
1106 2291 1229 2378 utique,
1253 2295 1322 2359 sive
1345 2293 1392 2359 ita
1408 2294 1552 2360 seribere
1569 2293 1642 2380 qnis
1657 2292 1783 2358 mavult
1799 2291 1869 2356 sive
1884 2287 2071 2376 proecipuus,

236 2416 302 2460 non
326 2401 392 2459 tam
416 2395 609 2460 Latinorum
632 2395 762 2460 ‘fatalis'
785 2395 908 2460 referre
932 2415 1030 2479 quam
1052 2395 1190 2461 Homeri
1212 2395 1293 2461 illud
1315 2392 1465 2481 αίσιμος,
1494 2399 1546 2462 cui
1570 2404 1621 2462 est
1644 2395 1854 2474 simillimum,
1879 2414 2073 2481 persuasum

236 2497 354 2564 habeo.

343 2599 473 2666 Deinde
507 2599 548 2665 ad
577 2600 700 2665 codicis
724 2593 743 2687 ii
764 2607 873 2664 utrum
897 2596 941 2678 εί,
972 2599 1056 2686 quod
1080 2600 1254 2666 ediderunt
1275 2603 1424 2687 plerique
1447 2601 1522 2667 inde
1545 2623 1565 2666 a
1587 2600 1745 2682 Gentem,
1779 2601 1913 2687 propius
1937 2599 2073 2665 accedat

236 2723 278 2767 an
301 2697 340 2791 ἥν
364 2701 492 2780 dubit03
517 2704 702 2768 sententiae
726 2703 838 2768 utilius
853 2693 902 2790 ἥν,
927 2703 1004 2787 quia
1025 2709 1138 2788 aptum
1163 2711 1213 2768 est
1228 2704 1414 2791 Apollinem
1437 2705 1577 2792 prodere
1601 2703 1641 2769 de
1658 2703 1764 2768 Furiis
1788 2703 1835 2768 ite
1857 2723 1893 2766 se
1914 2703 2072 2789 cogitare;

238 2828 303 2893 quc
327 2805 368 2872 de
392 2828 492 2873 eausa
514 2806 768 2893 praeferendum
792 2827 867 2872 esse
891 2799 1090 2892 deridetur.

345 2927 428 2993 Tum
444 2925 599 3012 γενέσθαι
615 2929 704 2992 reric
720 2934 891 3006 mutatum,
915 2933 952 2990 nt
969 2927 1002 2991 in
1017 2925 1189 3010 μέλεσθαι,
1213 2924 1370 3008 ἕπεσθαι,
1392 2921 1555 2993 τίνεσθαι.
1592 2925 1816 2993 Kirehlrolfius
1834 2925 2073 2991 commendarit

236 3051 342 3116 neque
366 3032 491 3118 recepit
513 3027 552 3096 τὸ
573 3025 621 3118 μὴ
641 3021 868 3114 ’ντρέπεσθαα
913 3029 967 3094 Ex
990 3030 1108 3114 quibus
1131 3028 1293 3114 μέλεσθαι
1319 3037 1352 3095 et
1374 3025 1592 3115 ἐντρέπεσθαι
1609 3031 1713 3116 magis
1730 3029 1864 3115 placent
1879 3007 2072 3114 aliiq‘quod

236 3134 329 3199 illurn
361 3134 529 3197 notionum
557 3131 704 3198 ordinem
732 3131 897 3211 referunt,
930 3131 971 3198 de
995 3153 1058 3218 quo
1083 3153 1182 3220 supra
1204 3132 1402 3208 diximns⁶⁸l.
1449 3133 1515 3199 Sed
1537 3134 1623 3199 idern
1649 3134 1744 3198 ellici*
1757 3153 1855 3219 posse
1880 3133 2072 3196 contendam

236 3235 410 3301 scribendo
439 3231 477 3301 τὸ
500 3229 547 3323 μή
570 3233 598 3319 γ’
622 3231 767 3300 ἒνέσθαι.
802 3233 920 3302 ἐνιέναι
955 3237 1041 3301 enim
1075 3257 1149 3300 eum
1186 3237 1227 3300 sit
1256 3237 1456 3317 immittere,
1492 3235 1635 3318 inicere,
1671 3236 1756 3301 unde
1780 3235 1995 3300 usitatissime
2018 3236 2074 3300 illc

235 3339 383 3405 Homero
407 3335 518 3422 μένος,
555 3331 698 3421 θάρσος,
733 3333 830 3403 κότον
857 3336 1027 3426 emove),
1064 3334 1211 3403 ἐνίεσθαι
1239 3360 1313 3404 esse
1337 3344 1467 3424 oportet
1490 3341 1533 3404 ‘in
1562 3361 1597 3406 se
1621 3337 1816 3420 admittere’,
1853 3339 1936 3403 sicut
1959 3347 2071 3404 notum

236 3441 318 3507 illud
341 3436 564 3525 προσίεσθαι,
600 3438 658 3504 sed
688 3441 804 3506 lortius
833 3427 1009 3526 aliquanto.
1055 3440 1139 3506 Item
1163 3443 1262 3527 igitur
1288 3441 1369 3506 illud
1391 3441 1513 3507 dietum
1536 3443 1691 3528 intellego
1717 3447 1814 3526 etque
1838 3437 2071 3525 ἐνθυμεῖσθαι,

236 3566 299 3630 quo
323 3545 426 3608 utitur
454 3542 537 3608 infre
560 3543 748 3629 Aeschylus
778 3542 818 3608 de
841 3541 1011 3628 Furiisu),
1046 3545 1175 3628 aliaque
1198 3546 1326 3610 similia.
1371 3545 1487 3633 Neque
1511 3545 1552 3612 de
1575 3545 1736 3632 particule
1758 3543 1794 3632 γε’
1815 3545 1894 3630 quin
1917 3553 2007 3610 recte
2031 3547 2074 3610 sit

236 3645 387 3734 apposite
421 3646 462 3711 ad
484 3641 531 3734 μή
555 3645 685 3725 dubites
715 3667 911 3730 quamquam
939 3645 1017 3710 alibi
1047 3668 1112 3711 non
1140 3648 1265 3724 inveni;
1300 3670 1364 3714 non
1387 3649 1498 3734 inepte
1522 3650 1609 3714 euim
1632 3649 1686 3713 hic
1709 3651 1841 3734 negatio
1866 3649 2073 3734 exprimitur.

237 3854 403 3920 simillima
433 3855 496 3918 sint
527 3853 612 3917 inter
644 3873 679 3918 se
709 3860 808 3937 atque
836 3852 958 3918 codicis
980 3849 1058 3942 μίμί
1082 3875 1100 3918 e
1124 3861 1309 3919 correctura
1331 3853 1513 3940 profectum
1542 3875 1616 3918 esse
1639 3855 1763 3940 possit,
1798 3859 1970 3940 postquam
1993 3845 2071 3940 μήν’

237 3953 372 4022 ἐνέσθαι
397 3957 480 4020 falso
504 3959 664 4019 mutatum
689 3961 739 4020 est
763 3956 794 4018 in
817 3979 863 4040 μη
886 3951 1050 4039 γενέσθαι.

340 4249 375 4314 el)
620 4245 693 4298 Pers.
714 4245 788 4300 1060.
825 4246 929 4298 πέπλον
947 4245 971 4298 d*
989 4243 1075 4314 ἔρεικε
1093 4245 1209 4300 κολπίαν
1227 4243 1300 4317 ιίιιμῇ
1317 4247 1417 4316 χερῶν.

660 4332 711 4398 Ag.
730 4331 789 4386 655.
826 4332 892 4390 ναῦς
909 4331 964 4401 γιξρ
983 4331 1050 4402 σρός
1069 4327 1210 4401 ἀλλήλαισι
1230 4333 1342 4402 Θρῄκιαι
1361 4331 1442 4386 πνοαί
1455 4337 1465 4400 ll
1479 4331 1594 4402 ἤρεικον.

339 4419 375 4482 cs)
395 4417 476 4470 Hunc
494 4418 585 4471 locum
604 4432 688 4488 qnam
708 4415 788 4486 potui
806 4417 1015 4472 accuratissime
1034 4433 1067 4470 ex
1087 4417 1215 4472 Merkelii
1235 4418 1306 4472 libro
1325 4418 1467 4488 descripsi.

340 4501 641 4568 mlammm

235 4671 261 4724 V
340 4591 375 4655 σι)
395 4587 436 4642 Cf.
455 4587 533 4642 Roat.
552 4587 598 4643 Gr.
612 4587 682 4642 Gn*
706 4589 776 4656 396.
790 4589 814 4642 3.
838 4605 861 4641 c.
880 4607 906 4658 p.
920 4589 981 4642 402.
993 4589 1036 4642 03.
1076 4587 1160 4643 Seeus
1183 4588 1280 4644 docuit
1303 4589 1433 4659 lirueger.
1476 4589 2072 4660 Gr.sprc111.³§44.2.A.l.p.‘216.17.

263 4689 339 4727 erum
358 4673 387 4727 in
406 4672 506 4727 medio.

340 4762 374 4826 es)
393 4757 426 4813 V.
446 4778 466 4814 s.
485 4759 521 4813 ad
540 4775 592 4813 vss.
610 4758 653 4813 36.
668 4761 725 4814 163.

339 4849 373 4910 ee)
393 4845 433 4899 cf.
452 4845 484 4898 ld
503 4845 590 4899 etiam
608 4843 637 4898 in
656 4844 825 4916 tragicorum
845 4861 1000 4898 sermonem
1018 4845 1106 4900 abiise
1125 4847 1242 4918 colligas
1261 4865 1294 4902 ex
1314 4849 1376 4902 Eur.
1396 4849 1494 4904 Bacch.
1512 4851 1571 4904 850.
1585 4851 1617 4903 51

747 4931 842 5000 πρῶτα
860 4929 885 4981 δ’
904 4927 1038 5000 ἔκστησον
1056 4935 1175 5003 φρενῶν,
1188 4936 1199 5000 ΙΙ
1212 4934 1281 4993 ἐνείς
1299 4933 1426 5005 diremptis
1443 4933 1554 4987 λύσσαν.

339 5017 374 5080 lo)
394 5014 471 5070 Eum.
490 5015 541 5068 22⁸2
561 5013 594 5067 νιί
613 5017 664 5068 uin
681 5015 736 5086 yrip
754 5003 817 5068 οίιίιι
834 5015 921 5085 κάρτα
939 5017 964 5068 o’
983 5017 1201 5086 ἐνθυμουμένην.
