4602 5640
1170 341 1190 401 4

265 564 355 650 sibus
380 569 436 628 aut
450 563 577 628 lacunis
593 563 676 627 fictis
690 562 904 626 obscuremus
920 561 974 625 vel
990 559 1246 648 corrumpamus,
1271 562 1333 626 erit
1348 560 1570 645 cavenduml).
1609 560 1760 648 Denique
1776 563 1884 649 ipsum
1899 560 2101 645 Aeschylum

265 665 552 754 Clytaemestrae
581 666 728 753 partibus
759 665 863 729 simile
891 665 961 730 lere
989 672 1205 746 momentum,
1238 672 1335 750 atque
1364 685 1423 729 nos
1452 667 1917 749 supra'commemoravimus,
1947 664 2101 729 tribuisse

264 779 416 856 apparet,
445 770 599 855 quoniam
628 761 808 855 principem
842 769 862 832 i.
884 789 912 833 e.
936 768 1079 833 medium
1109 770 1216 834 locum
1247 770 1285 832 iis
1313 767 1463 833 concedit
1490 773 1523 832 et
1551 765 1845 853 Clytaemnestram
1874 769 2030 854 plurimos
2058 773 2102 842 et,

267 895 339 938 cum
363 875 468 940 omitti
492 875 611 940 debeat
634 895 713 959 prae
737 875 882 938 oratione
905 873 1047 937 humana
1072 872 1162 937 chori
1185 874 1350 950 fremitus,
1380 874 1550 937 continuos
1574 890 1688 935 versus
1712 873 1905 936 recitantem
1927 872 2016 936 facit.
2061 869 2101 934 In

264 979 403 1044 eandem
428 983 538 1042 autem
562 979 743 1041 orationem
760 975 961 1060 Aeschylum
979 996 1107 1040 omnem
1125 977 1362 1040 sententiarum
1381 982 1479 1060 atque
1495 975 1668 1038 verborum
1686 975 1896 1059 splendorem
1914 975 2102 1052 contulisse,

264 1104 327 1149 non
351 1084 398 1148 ita
421 1082 561 1170 quidem,
594 1089 630 1146 ut
653 1089 784 1146 ceterae
808 1088 918 1165 partes
940 1079 980 1143 iis
1004 1079 1101 1144 rebus
1125 1089 1267 1162 careant,
1300 1079 1359 1144 sed
1382 1085 1417 1142 ut
1440 1079 1558 1144 ceteris
1582 1083 1729 1162 praestet
1752 1078 1817 1151 illa,
1848 1076 2001 1162 equidem
2023 1097 2100 1164 per-

268 1205 399 1252 suasum
423 1187 545 1263 babcc;
569 1192 711 1249 attamen
736 1205 775 1248 ea
799 1205 852 1248 res
876 1181 1036 1278 eiusmodi
1060 1189 1118 1263 cst,
1144 1183 1227 1267 quae
1252 1183 1364 1247 sentiri
1388 1184 1504 1269 p'ossit,
1527 1202 1592 1244 non
1615 1181 1841 1248 demonstrari.

372 1291 424 1356 De
454 1291 553 1355 rebus
581 1289 739 1353 scaenicis
770 1295 901 1352 nostrae
931 1287 1063 1352 fabulae
1091 1289 1193 1372 partis
1221 1287 1283 1350 tria
1316 1287 1521 1372 potissimum
1556 1287 1589 1350 in
1622 1285 1893 1372 disceptationem
1926 1289 2101 1350 nenemnt:

267 1393 396 1482 quando
422 1394 664 1479 conspiciantur
679 1391 810 1469 Furiae,
835 1411 907 1454 cum
925 1390 1078 1476 Apolline
1095 1389 1212 1455 Oreste
1228 1389 1403 1474 Mercurio,
1427 1411 1468 1454 an
1492 1409 1565 1453 cum
1581 1386 1855 1474 Clytaemnestra;
1880 1387 1999 1454 deinde
2023 1409 2099 1454 can·

265 1501 365 1563 ticum
389 1504 496 1562 utrum
521 1499 563 1560 sit
585 1496 728 1582 paredus
751 1495 923 1560 Furiarum
946 1515 1065 1569 necne;
1096 1494 1237 1578 denique
1268 1493 1397 1580 quando
1426 1494 1547 1558 abeant
1576 1513 1617 1557 ex
1645 1493 1778 1577 templo.
1823 1491 1867 1556 Ft
1895 1493 1937 1558 ad
1964 1493 2102 1580 primum

264 1601 344 1665 illud
372 1599 616 1665 diiudicandum
643 1587 857 1663 Hermannuu
883 1599 964 1662 haec
989 1598 1172 1663 adnotavit:
1201 1601 1277 1662 ‘non
1302 1599 1407 1662 solum
1430 1596 1520 1661 nulla
1548 1617 1663 1660 caussa
1693 1603 1764 1660 erat
1791 1617 1848 1661 cur
1875 1619 1961 1662 nune
1984 1596 2103 1662 Furiae

266 1705 541 1791 conspicerentur,
573 1702 631 1768 sed
654 1703 751 1766 ctiam
774 1703 885 1788 inepte
909 1709 1006 1787 etque
1030 1703 1213 1788 importune
1237 1709 1335 1787 poeta
1358 1703 1484 1767 animos
1508 1707 1729 1788 spectatorum
1752 1721 1836 1765 novo
1860 1701 1923 1765 istc
1946 1721 1984 1764 ac
2007 1701 2103 1764 terri·

265 1807 321 1873 bili
346 1806 505 1894 adspectu
528 1806 700 1871 Furiarum
724 1812 896 1869 avocasset
926 1804 966 1870 ab
991 1804 1152 1869 audiendo
1175 1805 1337 1891 Apollinis
1361 1813 1394 1870 et
1415 1803 1542 1869 Orestis
1567 1801 1749 1888 colloquio’.
1794 1803 1977 1889 Propterea
2000 1805 2102 1868 collo-

267 1911 377 1996 quium
400 1910 481 1975 illud
508 1917 583 1974 ante
609 1909 767 1995 templum
791 1908 937 1973 habitum
968 1929 1042 1972 esse
1072 1909 1186 1971 statuit
1214 1915 1246 1971 et
1275 1927 1357 1992 quae
1387 1907 1543 1971 admone
1567 1927 1697 1971 versum
1721 1905 1880 1971 habemus
1904 1907 2102 1972 scholiastae

268 2013 370 2077 verba
392 2012 434 2076 ad
459 2033 588 2078 versum
613 2013 654 2076 94
677 2011 890 2096 transtulit‘).
935 2009 987 2076 Ad
1011 2010 1093 2074 haec
1123 2031 1164 2075 ex
1193 2010 1246 2090 iis,
1276 2032 1359 2095 quae
1390 2031 1489 2096 supra
1518 2007 1766 2095 disputavimus,
1796 2016 1884 2074 recte
1913 2011 2103 2097 responderi

268 2137 367 2201 posse
396 2116 556 2181 contendo
583 2115 685 2180 luisse
714 2136 862 2196 causam,
900 2135 956 2177 cur
988 2135 1072 2178 nunc
1100 2113 1220 2180 Furiae
1251 2114 1529 2200 conspicerentur,
1566 2133 1607 2177 ne
1639 2113 1740 2176 animi
1772 2120 1991 2199 spectatorum
2019 2135 2102 2179 novo

269 2220 331 2282 istc
355 2239 393 2280 ac
415 2219 554 2284 terribili
577 2219 735 2305 adspectu
758 2218 929 2283 Furiarum
952 2223 1167 2280 avocarentur
1190 2216 1231 2280 ab
1255 2216 1486 2301 conspicienda
1513 2221 1544 2279 et
1568 2213 1731 2280 audienda
1754 2215 2027 2301 Clytaemnestra,
2051 2221 2103 2299 cui

268 2323 340 2408 plus
364 2329 452 2386 certe
476 2324 631 2387 momenti
655 2323 810 2388 tribuisse
834 2329 965 2408 poetam
989 2342 1085 2406 quam
1103 2320 1266 2406 Apollinis
1290 2327 1323 2383 et
1345 2318 1473 2384 Orestis
1499 2319 1659 2404 colloquio
1683 2319 1747 2384 iam
1771 2321 1906 2397 seimus;
1929 2330 1964 2387 et
1986 2323 2103 2388 melius

267 2427 391 2512 percipi
415 2423 698 2510 Clytaemnestrae
722 2425 837 2505 verba,
866 2446 938 2488 cum
968 2425 1032 2487 iarn
1061 2424 1185 2488 assueti
1214 2424 1278 2487 sint
1308 2431 1526 2508 spectatorum
1551 2423 1651 2488 animi
1673 2423 1844 2489 Furiarum
1868 2434 2013 2512 aspectu.
2059 2428 2105 2490 At

268 2528 428 2594 eiusmodi
451 2531 612 2595 rationem
636 2551 701 2594 non
724 2529 868 2616 principe
892 2529 963 2591 loco
987 2549 1116 2612 ponam,
1141 2548 1213 2591 cum
1239 2533 1440 2612 spectatores
1463 2532 1662 2614 quantopere
1686 2549 1769 2592 novo
1793 2537 1930 2615 aspectu
1953 2533 2104 2616 occupati

268 2633 333 2696 sint
347 2631 478 2697 difficile
496 2633 537 2697 sit
552 2632 740 2712 diiudicatu,
765 2629 916 2719 quiahoc
941 2637 973 2693 et
997 2651 1039 2694 ex
1055 2630 1244 2694 histrionum
1261 2637 1330 2694 arte
1348 2651 1511 2716 operaque
1536 2638 1569 2695 et
1593 2652 1635 2695 ex
1652 2653 1690 2696 ec
1706 2634 1911 2718 potissimum
1927 2632 2102 2720 pendebat,

269 2757 332 2820 quo
357 2757 417 2799 sua
440 2757 600 2822 quemque
623 2737 749 2800 ferebat
765 2743 891 2800 natura.
925 2733 990 2798 Sed
1014 2733 1091 2818 quid
1115 2753 1157 2798 ex
1181 2734 1260 2819 ipsis
1284 2731 1381 2798 robus
1405 2735 1446 2798 sit
1463 2718 1671 2800 statuendum
1687 2736 1799 2800 rimari
1815 2743 1951 2823 oportet.
1986 2735 2104 2826 Neque

268 2846 355 2901 recte
371 2837 598 2904 Hermannum
622 2839 653 2903 id
676 2840 823 2926 inprimis
845 2839 1068 2921 interrogasse
1092 2858 1222 2916 censeo,
1247 2857 1329 2922 quae
1354 2837 1395 2900 sit
1411 2858 1520 2919 eausa,
1545 2860 1601 2904 cur
1616 2861 1700 2904 nunc
1718 2841 1960 2928 conspiciantur
1974 2843 2105 2924 Furiae,

268 2942 326 3005 sed
350 2943 617 3027 interrogandum
642 2965 728 3025 esse,
754 2965 812 3007 cur
834 2948 932 3006 exeat
948 2940 1067 3026 Apollo
1092 2961 1166 3004 curn
1189 2940 1323 3024 reliquis
1346 2962 1364 3003 e
1387 2937 1520 3028 templo.
1564 2942 1697 3008 Nullam
1721 2944 1872 3029 equidem
1896 2944 2005 3046 yideo;
2028 2965 2105 3010 nam

269 3045 348 3109 deos
371 3046 403 3108 in
429 3048 497 3110 suis
521 3045 671 3112 domibus
696 3046 898 3133 supplicibus
923 3065 1084 3130 apparere
1109 3051 1141 3109 et
1165 3043 1306 3128 colloqui
1329 3065 1402 3107 cum
1426 3045 1465 3108 iis
1489 3052 1523 3108 et
1544 3045 1701 3110 usitatum
1725 3053 1758 3112 et
1781 3046 1943 3112 decorum.
1988 3047 2106 3134 Neque

268 3169 346 3212 vero
370 3169 412 3212 ne
428 3149 548 3214 Furiae
564 3151 723 3215 maturius
739 3149 1011 3235 expergiscantur
1033 3154 1085 3212 cst
1100 3147 1322 3227 metuendum,
1346 3168 1419 3210 cum
1442 3146 1525 3212 adeo
1543 3147 1671 3214 vinctae
1695 3151 1760 3214 sint
1782 3171 1908 3237 sopore,
1930 3158 1968 3218 ut
1989 3161 2108 3238 postea

268 3253 417 3339 plurimis
433 3252 794 3338 vehementissimisqua
812 3250 1096 3338 Clytaemnestrae
1120 3250 1425 3337 compellationibus
1445 3252 1504 3316 vix
1525 3253 1663 3317 excitari
1687 3256 1822 3339 possint.
1867 3255 1911 3320 ut
1934 3257 2018 3322 scire
2042 3255 2106 3320 hoc

269 3354 456 3442 Apollinem
479 3364 626 3442 apparet,
650 3357 727 3442 quin
751 3357 847 3422 etiam
872 3357 979 3442 ipsum
1002 3355 1153 3419 effecisse
1179 3355 1346 3438 credibile,
1370 3376 1443 3420 cum
1466 3355 1569 3420 dicat:

734 3481 785 3542 67.
816 3475 873 3542 καὶ
897 3478 951 3541 νῦν
974 3467 1117 3554 ἁλούσας
1139 3470 1240 3540 τάσδε
1262 3471 1321 3554 τὰς
1342 3471 1486 3564 μάργους
1508 3469 1586 3566 ὁρᾷς

735 3583 786 3647 68.
817 3575 909 3667 ῧπυῳ
933 3581 1096 3644 πεσοῦσαι
1120 3579 1148 3644 d'
1172 3575 1206 3644 cri
1230 3574 1457 3646 κατάπτυστοι
1481 3575 1585 3665 κόραι.

270 3698 394 3774 Quodsi
418 3720 491 3765 cum
515 3699 691 3764 scholiasta
714 3701 911 3787 colloquium
935 3701 1016 3766 illud
1032 3699 1194 3787 Apollinis
1218 3709 1251 3765 ct
1267 3701 1393 3766 Orestis
1417 3702 1544 3788 inipso
1569 3703 1689 3789 templo
1714 3726 1787 3770 esse
1810 3706 1993 3770 institutum
2017 3705 2106 3772 obti-

269 3823 395 3883 nemus,
420 3823 460 3868 ea
484 3825 536 3867 res
560 3804 676 3869 afferre
701 3812 789 3869 certe
805 3810 935 3889 poterat
949 3804 1111 3870 nonnullis
1134 3804 1234 3879 illam,
1259 3826 1356 3890 quam
1372 3805 1581 3870 Hermannus
1601 3807 1773 3872 incusabat
1788 3809 2106 3880 incommoditatem:

270 3907 328 3972 sed
353 3906 495 3972 habebat
519 3909 618 3972 etiam
641 3928 727 3988 eam,
752 3915 785 3972 et
808 3909 964 3972 maiorem
987 3908 1077 3972 illam
1101 3907 1245 3992 quidem,
1274 3929 1371 3992 quam
1393 3929 1454 3973 nos
1477 3912 1703 3994 proposuimus
1727 3915 2013 3996 opportunitatem.
2059 3912 2107 3978 ut

269 4010 361 4094 alias,
384 4011 492 4076 credo.
539 4010 691 4076 Omnium
708 4013 793 4076 enim
810 4013 1017 4098 exspectatio
1039 4013 1135 4076 nimis
1153 4033 1232 4076 sanc
1255 4018 1382 4078 tentata
1406 4019 1439 4078 et
1454 4021 1574 4078 vexata
1598 4021 1698 4095 esset,
1722 4016 1749 4078 si
1772 4016 1919 4083 tamdiu
1939 4017 1980 4084 de
1996 4017 2106 4083 Furiis

372 4235 396 4302 s)
414 4233 483 4288 Cum
502 4237 599 4303 postca
618 4233 743 4303 singulos
762 4249 776 4286 e
795 4232 885 4302 prima
904 4236 932 4286 et
951 4232 1376 4302 tertispsrteverms(88.1ssy
1396 4233 1425 4287 in
1438 4233 1624 4302 suspicionem
1636 4235 1688 4290 sim
1701 4239 1857 4302 vocaturus,
1876 4255 1912 4294 nc
1924 4238 1986 4308 quis
1999 4239 2105 4302 credat.

270 4336 381 4388 (quaeso,
400 4337 445 4372 me
464 4321 516 4374 boc
528 4338 560 4374 eo
574 4319 689 4373 consilio
703 4320 800 4382 lucere,
819 4321 852 4372 ut
865 4318 1102 4373 ruccumtissimam
1116 4319 1238 4388 partium
1251 4318 1389 4372 rationem
1402 4319 1518 4372 efficiam
1533 4321 1577 4388 (92
1591 4351 1623 4359 —
1635 4323 1670 4374 46
1683 4355 1716 4361 -
1729 4324 1781 4390 92).
1812 4325 1884 4380 Nam
1899 4343 1960 4379 cum
1972 4326 2106 4394 Aeschyli

269 4408 359 4458 artem
379 4421 412 4458 ert
431 4405 517 4459 etiam
535 4407 565 4459 in
583 4423 612 4460 re
631 4405 760 4470 admirer,
778 4407 899 4459 multum
918 4408 1013 4458 maren
1031 4405 1118 4466 abest,
1139 4409 1171 4458 ut
1184 4405 1366 4460 minutiarum
1380 4423 1442 4460 eum
1456 4405 1588 4474 cupidum
1600 4405 1686 4462 fuisse
1698 4409 1864 4467 existimem.
1898 4411 1936 4467 Et
1948 4429 1980 4467 eo
1993 4411 2106 4467 facilius

271 4491 337 4545 fides
350 4491 419 4545 mihi
435 4493 532 4547 baberi
545 4496 648 4562 potest,
661 4493 736 4562 quod
751 4509 829 4546 versu
841 4496 876 4547 88
889 4494 978 4547 eiecto
991 4492 1074 4561 primi
1089 4493 1189 4562 capitis
1203 4491 1348 4562 partiundi
1360 4492 1558 4561 aequabilitati
1571 4495 1665 4548 noceri
1677 4495 1785 4564 aliquid
1798 4498 1879 4552 doleo
1897 4497 2106 4567 (33-30-29).

180 4635 197 4652 l
271 4579 462 4648 Suspicionem
488 4583 582 4634 autem
608 4580 676 4633 mibi
702 4582 848 4634 moverunt
871 4578 913 4634 illi
932 4595 1027 4634 versus
1053 4580 1141 4634 multo
1163 4585 1230 4634 anta
1253 4597 1338 4648 quum
1362 4595 1538 4633 numerorum
1561 4580 1698 4635 rationem
1725 4583 1917 4651 expenderem.
1959 4586 2052 4652 Atque
2069 4602 2107 4639 aa

270 4665 369 4728 etiam,
392 4669 465 4732 quac
489 4666 525 4719 nd
550 4667 716 4736 explendam
739 4667 867 4720 lacunam
891 4669 1082 4736 postremum
1105 4666 1140 4720 50
1164 4683 1182 4719 a
1200 4665 1266 4719 viris
1290 4665 1380 4720 doctis
1403 4683 1459 4719 non
1482 4665 1542 4720 sine
1560 4668 1635 4721 iusta.
1653 4687 1737 4724 causa
1755 4673 1883 4724 notitam
1903 4701 1934 4710 -
1953 4671 2008 4726 nisi
2026 4673 2105 4739 quod

271 4752 355 4805 nimis
374 4753 497 4822 amplum
517 4769 577 4806 eam
597 4754 737 4808 tinxemnt
757 4785 787 4795 -
808 4757 925 4807 conatus
944 4772 1013 4816 eum,
1032 4757 1098 4808 ante
1117 4757 1290 4822 perspectum
1309 4753 1388 4807 illam
1406 4753 1497 4822 legem
1516 4755 1682 4823 excogitavi.

373 4859 396 4925 4)
422 4855 566 4927 ἐπιφανεὶς
583 4853 716 4910 Ἀπόλλων
733 4857 911 4927 συμβουλεύει
929 4855 1030 4930 Ὀρέστῃ
1050 4858 1209 4910 καταλιπεῖν
1226 4859 1280 4926 μὲν
1297 4855 1329 4909 nd
1347 4856 1486 4924 μαντεῖον,
1506 4859 1608 4927 φυγεῖν
1627 4859 1656 4911 δὲ
1676 4863 1714 4919 εἰς
1731 4857 1851 4930 Ἀθήνας·
1877 4859 1921 4912 καὶ
1940 4861 2106 4930 decreberis

269 4943 375 5011 γίνεται
395 4943 543 5011 φαντασία.
579 4945 738 5013 σσραφέντα
759 4943 814 5014 γαρ
837 4943 871 4995 τα
893 4943 1082 5013 μηχανήματα
1106 4941 1205 5011 ἔνδηλα
1228 4943 1305 4994 ποιεῖ
1325 4943 1358 4995 τα
1382 4941 1453 4996 κατα
1475 4943 1506 4996 τό
1528 4946 1660 5015 μαντεῖον
1684 4948 1719 5005 ὥς
1741 4946 1805 5017 ἔχει.
1842 4947 1887 5000 καὶ
1911 4948 2018 5016 γίνεται
2038 4941 2107 5016 ὄψις

270 5027 393 5100 τραγική,
412 5028 443 5080 rd
460 5031 513 5098 μὲν
532 5030 612 5099 ξίφος
630 5030 792 5100 ᾑμαγμένον
810 5028 849 5083 ἔτι
868 5031 991 5098 κατέχων
1007 5026 1132 5101 Ὀρέστης,
1152 5030 1181 5080 ul
1200 5029 1229 5080 ds
1248 5031 1335 5100 κύκλῳ
1355 5033 1525 5102 φρουροῦσαι-
1544 5033 1636 5086 ου’τόν.
