4602 5640
1122 334 1140 396 3

1029 421 1234 430 --—-.-.....

212 553 359 618 umbram
377 552 594 620 excitandam.
640 551 713 625 Qua
736 553 769 616 in
792 573 838 634 re,
862 557 1093 639 praeterquam
1117 553 1204 639 quod
1227 553 1316 641 ipsas
1334 553 1451 620 Furias
1475 555 1622 640 aliosque
1646 553 1726 620 deos
1753 555 1786 618 in
1802 575 1955 622 scaenam
1979 575 2054 642 pro·

213 657 333 724 ducere
357 679 458 724 ausus
489 665 555 738 est,
587 677 745 721 summam
770 661 889 742 poetae
915 663 1016 721 artem
1041 659 1224 724 scaenieam
1248 679 1405 746 agnosco,
1435 681 1500 746 qua
1523 659 1650 738 effecit,
1681 666 1719 725 ιιι
1749 681 1832 744 quae
1856 660 2054 726 necessitate

215 768 346 828 coactus
375 764 515 848 recepit,
553 781 625 826 cum
653 761 785 825 fabulae
816 767 849 825 et
881 780 988 826 rerum
1018 760 1163 826 ordinem
1195 762 1298 847 magis
1322 762 1519 850 impedirent
1549 783 1643 848 quarn
1668 772 1920 848 promoverent,
1951 786 1991 828 ex
2015 764 2055 828 iis

215 866 371 934 evaderet
395 865 630 952 spectaculum,
655 886 718 950 quo
742 863 899 949 grandine
923 871 1022 950 atque
1047 864 1208 951 insignius
1232 866 1369 950 cogitari
1393 865 1516 950 nequit.

324 969 416 1044 Quae
439 967 580 1056 Delphis
610 975 751 1052 aguntur
771 969 959 1056 Aeschylus
989 969 1035 1034 ita
1058 969 1232 1058 disposuit,
1262 976 1298 1034 ut
1322 967 1460 1055 Pythiae
1485 969 1645 1035 sacerdoti
1678 969 1719 1034 ad
1743 970 1947 1055 prooemium
1971 970 2055 1036 reci-

215 1075 351 1144 tandum
374 1076 415 1138 33
439 1093 553 1138 versus
578 1071 744 1152 attribuat,
769 1073 809 1136 30
831 1078 1003 1158 postquam
1027 1073 1123 1138 rediit
1146 1095 1188 1139 ex
1211 1075 1333 1160 templo
1357 1073 1398 1138 ad
1415 1073 1598 1140 enarranda
1623 1095 1671 1154 ea,
1695 1095 1779 1160 quae
1804 1072 1847 1138 ibi
1866 1073 2054 1161 conspexit;

214 1179 362 1266 Apollini
386 1198 459 1242 curn
483 1175 601 1242 Oreste
618 1181 651 1240 et
667 1174 830 1240 Mercurio
854 1176 1052 1263 colloquenti
1069 1177 1119 1257 27,
1144 1176 1255 1242 Oresti
1273 1179 1307 1242 3:
1331 1176 1448 1243 deinde
1466 1177 1748 1263 Clytaemnestrae
1767 1178 1825 1243 soli
1844 1179 1894 1258 23,
1918 1178 2054 1246 totidem

216 1283 412 1369 colloquenti
437 1281 530 1367 quasi
554 1299 627 1344 oum
652 1279 751 1343 choro
774 1299 833 1365 per
855 1281 1013 1346 somnium
1038 1280 1233 1347 mussitante
1259 1281 1316 1366 (17
1332 1280 1430 1366 -)-6).
1477 1281 1664 1367 Sequuntur
1688 1284 1728 1346 37
1753 1281 1842 1346 chori
1866 1303 1998 1360 versus,
2022 1283 2055 1344 in

216 1389 266 1454 his
283 1391 323 1454 34
340 1384 474 1474 lyrici2).
519 1381 648 1449 Deinde
673 1383 792 1468 Apollo
816 1383 918 1449 habet
940 1405 1054 1451 versus
1080 1385 1128 1448 19.
1176 1384 1337 1470 Colloquii
1361 1391 1469 1450 autern
1493 1385 1534 1449 ab
1556 1385 1710 1472 Apolline
1734 1391 1768 1449 ct
1789 1383 1888 1450 choro
1905 1385 2054 1464 instituti,

216 1491 303 1579 quod
332 1491 515 1577 proximum
546 1495 611 1564 est,
642 1486 725 1552 haec
756 1493 808 1552 est
840 1487 967 1552 tabula:
1007 1488 1095 1553 ebori
1126 1490 1160 1570 3,
1191 1488 1355 1576 Apollinis
1386 1496 1419 1553 et
1447 1489 1536 1553 chori
1565 1489 1700 1574 singulis
1733 1487 1882 1553 versibus
1915 1489 2053 1554 invicem

216 1592 481 1682 respondentium
506 1591 609 1677 primo
637 1592 685 1667 12,
709 1590 873 1677 Apollinis
900 1593 948 1672 12,
973 1591 1063 1656 chori
1087 1598 1121 1658 et
1144 1592 1305 1676 Apollinis
1329 1592 1467 1658 invicem
1491 1593 1608 1656 iterum
1633 1596 1662 1674 4,
1687 1592 1775 1657 chori
1791 1593 1821 1672 3,
1845 1591 2005 1678 Apollinis
2024 1595 2053 1660 3.

217 1697 314 1764 Unde
339 1696 524 1762 efficiuntur
547 1700 658 1780 partes
682 1695 760 1759 hae:

451 1815 558 1884 Pytha
613 1813 735 1880 Pytnss
763 1853 766 1861 ·
807 1815 858 1882 Ap.
872 1813 916 1868 Or.
999 1812 1072 1880 Clyt.
1142 1811 1301 1880 Clytclror.
1367 1815 1441 1868 chor.
1560 1817 1612 1885 Ap.
1690 1814 1743 1882 Ap.
1757 1813 1830 1868 chor.

478 1915 1791 2029 retrorsus-ra-r—aadqarrrersr

419 2003 944 2029 -ι--κμ-Ψ
1326 2007 1851 2030 -t———ffl

662 2049 702 2111 93
1110 2051 1151 2111 Ab
1566 2051 1606 2114 93

218 2189 356 2257 quarum
392 2171 600 2257 conspicuam
634 2169 902 2255 aequabilitatem
938 2169 1041 2256 primo
1077 2169 1213 2255 quisque
1247 2171 1361 2236 obtutu
1390 2170 1560 2256 percipiet.
1611 2171 1672 2237 Est
1701 2178 1810 2236 autem
1841 2171 1946 2236 omnis
1975 2167 2056 2234 baec

218 2273 349 2340 tabulae
371 2296 447 2362 pars
472 2275 513 2339 ad
537 2296 610 2340 earn
633 2293 780 2339 normam
804 2273 1013 2351 conformata,
1037 2279 1073 2337 ut
1096 2272 1223 2338 duabus
1247 2273 1394 2358 partibus
1415 2271 1605 2360 aequalibus
1623 2275 1829 2340 contineatur
1843 2273 1952 2339 media
1968 2293 2055 2360 pars,

218 2399 303 2466 quae
327 2379 401 2464 ipsa
423 2377 558 2443 dimidio
581 2378 650 2442 fere
674 2383 723 2441 est
745 2376 810 2441 illis
832 2377 939 2442 minor
961 2374 1018 2460 (93
1042 2415 1081 2424 -
1107 2380 1147 2440 46
1172 2414 1212 2422 -
1235 2377 1302 2461 93).
1347 2375 1495 2442 Eandem
1519 2377 1626 2463 legem
1649 2379 1683 2442 in
1706 2377 1935 2444 constituenda
1958 2377 2055 2441 tertia

218 2489 312 2568 parte
336 2488 499 2546 serratam
523 2479 671 2546 ridemus
696 2480 749 2565 (37
775 2517 815 2527 -
842 2483 880 2544 19
904 2517 946 2528 -·-
970 2478 1037 2564 37),
1061 2501 1135 2544 cum
1158 2482 1263 2566 prima
1286 2481 1467 2565 aequaliter
1489 2481 1558 2547 lere
1574 2482 1748 2568 tripartita,
1771 2482 1874 2546 altere
1898 2487 1931 2546 et
1948 2477 2056 2544 media

218 2581 391 2649 dimidiata
418 2583 470 2650 sit.
515 2583 567 2650 De
596 2583 713 2648 cantici
736 2583 911 2668 partitione
940 2582 1046 2649 dicam
1077 2604 1141 2648 non
1170 2604 1251 2669 opus
1280 2589 1340 2646 est.
1386 2582 1452 2648 Sed
1476 2585 1575 2650 etiam
1599 2585 1762 2671 Apollinis
1786 2592 1819 2650 et
1842 2584 1931 2648 chori
1956 2581 2054 2648 collo·

219 2687 331 2772 quium
362 2689 409 2752 ita
435 2694 486 2754 est
515 2687 727 2772 tripartitum,
758 2693 795 2750 ut
823 2691 898 2772 post
921 2693 1075 2772 quattuor
1097 2707 1210 2752 versus
1234 2695 1399 2772 tamquam
1430 2687 1675 2772 praeludentes,
1708 2689 1826 2775 quibus
1851 2683 2056 2773 colloquendi

220 2792 319 2857 venia
348 2793 470 2879 petitur
498 2797 532 2857 et
560 2790 672 2872 datur,
704 2789 790 2855 inter
814 2796 943 2856 ceteros
966 2790 1146 2876 principem
1170 2796 1203 2854 et
1226 2788 1368 2856 medinm
1391 2791 1498 2856 locum
1523 2791 1692 2857 obtineant
1716 2791 1889 2859 duodecim
1912 2787 2057 2856 continui

223 2915 338 2961 versus
366 2895 542 2983 Apollinis,
570 2895 717 2981 insignes
746 2893 793 2958 illi
820 2891 954 2980 quidem
982 2894 1178 2958 matrimonii
1209 2894 1383 2960 sanctitate
1407 2892 1586 2977 celebrata,
1618 2917 1699 2983 quos
1732 2906 1765 2963 et
1792 2896 1993 2984 praecedant
2022 2901 2056 2958 et

221 3007 402 3085 sequantur
431 2997 568 3065 totidem
598 3000 667 3065 lere
697 2998 918 3063 concitatioris
941 2997 1059 3065 alterni
1084 2998 1242 3062 sermonis
1266 2999 1317 3080 (ll
1347 3005 1379 3062 et
1407 2999 1595 3082 itinerans
1619 3009 1712 3085 grata
1735 2999 1874 3066 ordinati
1896 3001 2055 3065 varietate

221 3100 866 3188 (2><5†lll12112><2†2><3).
913 3099 1073 3186 Suprema
1103 3101 1217 3185 igitur,
1247 3121 1312 3165 non
1342 3123 1417 3182 une,
1456 3102 1551 3168 huius
1575 3103 1817 3191 compositionis
1846 3103 1903 3166 lex
1925 3108 1977 3168 est
1998 3101 2055 3166 tri·

219 3205 393 3294 partiendi,
418 3228 491 3272 curn
514 3205 695 3291 aequaliter
716 3204 785 3270 fere
809 3205 841 3268 iu
865 3210 959 3291 parte
983 3205 1102 3292 prima,
1127 3204 1263 3286 cantico,
1291 3203 1455 3290 colloquio
1478 3206 1604 3288 ultimo,
1629 3213 1696 3271 turn
1721 3205 1762 3271 ad
1785 3205 1923 3271 tonnam
1947 3205 2056 3269 cretici

221 3309 317 3398 pedis
340 3311 372 3375 in
395 3315 464 3374 toto
489 3315 521 3374 et
544 3309 578 3374 in
601 3315 693 3395 parte
716 3309 814 3375 tertia
837 3301 1085 3374 constituendis.
1131 3307 1247 3395 Neque
1272 3308 1312 3375 de
1337 3307 1386 3374 his
1406 3309 1554 3395 partibus
1571 3311 1743 3396 quisquam
1761 3310 1881 3397 poterit
1897 3308 2057 3386 dubitare,

222 3414 302 3498 quia
324 3435 389 3479 non
411 3413 594 3478 artefieiose
617 3411 833 3496 excogitatae,
858 3410 915 3476 sed
939 3411 1019 3498 ipsis
1043 3433 1254 3499 personarum
1277 3419 1311 3476 et
1333 3433 1473 3480 scaenae
1496 3413 1623 3479 vicibus
1646 3415 1718 3479 luce
1743 3413 1861 3479 clarius
1885 3419 1960 3477 sunt
1982 3433 2056 3499 pro·

221 3517 363 3604 positae.
408 3515 452 3580 Et
475 3515 561 3602 quod
583 3515 676 3600 lyrici
701 3535 815 3580 versus
838 3515 924 3580 inter
946 3535 982 3581 se
1006 3522 1040 3581 et
1062 3536 1120 3602 pro
1145 3516 1299 3582 trimetris
1315 3517 1464 3583 iambicis
1479 3517 1669 3604 inaequales
1693 3517 1779 3584 idem
1803 3517 1921 3604 singuli
1945 3516 2057 3582 valere

222 3625 411 3698 censentur,
436 3621 505 3684 eius
529 3619 575 3684 rei
591 3618 674 3683 haec
698 3625 750 3683 est
772 3619 863 3699 ratio,
888 3617 1061 3704 quodcum
1079 3617 1254 3686 saltatione
1269 3621 1315 3685 ita
1331 3621 1558 3702 cantabuntur,
1582 3629 1617 3688 ut
1631 3622 1752 3708 singuli
1768 3621 1904 3707 singulis
1921 3619 2057 3686 dirersis

222 3723 316 3788 ebori
338 3723 480 3788 motibus
503 3721 660 3803 distincti,
683 3743 756 3788 cunr
779 3729 1009 3788 succurrerent
1031 3723 1118 3790 oculi
1136 3729 1358 3810 spectatorum
1382 3724 1527 3806 auribus,
1549 3733 1587 3790 ut
1609 3733 1783 3812 separatae
1806 3733 1840 3790 et
1863 3745 1903 3790 ea
1926 3724 2057 3809 quidem

222 3847 262 3892 re
286 3827 441 3912 aequales
464 3827 623 3892 sermonis
647 3831 758 3913 partes
781 3829 1041 3914 perciperentur.

333 3929 418 3996 Hine
441 3951 519 3996 vero
542 3949 626 4016 quae
649 3929 715 3994 sint
738 3929 911 3998 efficienda
934 3932 1046 4018 paucis
1064 3932 1234 3998 ostendere
1257 3933 1380 3998 licebit.
1426 3933 1469 3998 lit
1492 3932 1631 4020 primunr
1647 3932 1780 4018 quidem
1796 3932 1960 3998 neminem
1984 3949 2057 3994 esse

222 4035 370 4102 futurum
394 4055 504 4122 spero,
535 4034 590 4120 qui
612 4039 737 4098 tantam
761 4041 795 4098 et
816 4041 883 4100 tarn
907 4040 1054 4121 apertam
1077 4035 1360 4120 aequabilitatem,
1390 4057 1474 4122 quae
1496 4041 1607 4100 tamen
1631 4043 1777 4103 osteum
1801 4041 1895 4121 grata
1918 4031 2058 4121 quadarn

221 4139 384 4206 varietate
408 4139 596 4219 coniuncta,
628 4137 719 4203 casui
746 4137 873 4202 cuidam
901 4156 998 4223 quam
1027 4144 1145 4225 poetae
1169 4139 1305 4205 consilio
1333 4146 1367 4204 et
1395 4140 1456 4204 arti
1485 4137 1631 4204 tribuere
1654 4139 1755 4204 malit.
1800 4138 1929 4205 Deinde
1959 4145 2058 4217 certo,

222 4232 509 4328 quandoquidem
532 4262 585 4308 res
608 4241 668 4322 ita,
692 4245 729 4303 ut
750 4239 834 4324 dixi,
858 4263 894 4307 se
917 4242 1037 4325 habet,
1059 4263 1099 4308 ec
1122 4243 1227 4329 magis
1251 4243 1360 4322 etiarn,
1390 4263 1432 4308 ne
1455 4232 1581 4306 tantam
1604 4249 1708 4307 artem
1730 4249 1786 4308 aut
1808 4242 1960 4330 sepositis
1984 4231 2058 4308 rer·

225 4401 637 4411 .-.--——---..-—.a--...--.-....-⁴

330 4503 354 4568 a)
371 4501 452 4556 Hunc
470 4499 573 4554 cantici
591 4515 722 4555 versuum
734 4513 879 4554 nnmerum
898 4515 932 4554 ex
944 4499 1154 4571 computatione
1168 4499 1332 4556 Kirchhoffii
1352 4499 1497 4569 assumpsi,
1516 4497 1584 4568 quia
1597 4498 1704 4554 medius
1718 4499 1760 4554 cst
1778 4498 1807 4552 in
1821 4499 1905 4554 variis
1919 4501 2058 4556 editorum

223 4587 359 4644 numeris.
395 4585 433 4642 Et
450 4587 522 4641 hanc
543 4603 575 4641 er
595 4585 738 4642 nonnullis
756 4584 929 4640 editionibus
947 4586 1117 4658 descriptam
1135 4587 1238 4643 cantici
1258 4587 1385 4642 tabulam
1405 4602 1544 4656 propono:

640 4683 657 4736 2
675 4693 709 4740 ><
727 4684 753 4748 (6
766 4681 799 4748 †
811 4683 828 4736 6
841 4679 875 4748 -)-
887 4683 915 4751 4)
934 4705 967 4729 =
985 4683 1020 4737 32
1037 4683 1164 4738 Mueller.
1195 4683 1290 4739 Franz.
1322 4683 1486 4738 Herrmann.
1516 4682 1637 4736 (lothan.

640 4768 708 4827 2><
725 4769 753 4833 (6
766 4769 799 4834 (-
812 4769 827 4821 7
840 4767 913 4838 -)-4)
933 4791 965 4815 =
983 4770 1018 4822 34
1036 4769 1188 4825 Kirchhoff.

641 4854 710 4913 2><
729 4855 917 4924 (BH-ib)
936 4879 969 4901 =
987 4856 1021 4910 36
1039 4855 1166 4913 ltindorl.

219 4953 356 5006 Ceteram
374 4965 408 5004 ex
426 4949 461 5006 iis
479 4966 551 5020 quae
570 4966 654 5020 supra
672 4949 852 5019 exposuimus
871 4949 946 5004 haud
965 4949 1119 5020 quidquam
1138 4951 1194 5006 lere
1212 4949 1325 5016 mutari,
1345 4951 1403 5004 eive
1420 4951 1455 5006 32
1473 4949 1575 5004 cantici
1595 4965 1689 5004 versus
1708 4965 1854 5004 numerare
1872 4948 1934 5018 quis
1954 4949 2061 5003 mavult

218 5039 284 5092 sive
303 5036 338 5092 36
356 5051 406 5106 pro
424 5038 466 5098 34,
485 5053 566 5092 namo
585 5036 709 5106 negabit.

1822 5127 1855 5178 12
