4602 5640
1001 399 1107 408 ——-—.-
1113 403 1204 410 .....

188 531 349 616 siquidem
374 536 449 595 sunt
473 528 647 608 mutanda,
677 550 698 594 a
722 536 810 595 certa
837 532 925 596 vocis
947 525 1166 618 ripoalmopog
1189 525 1426 618 significatione
1450 555 1522 601 esse
1546 537 1827 624 proficiscendum.
1873 539 1967 614 Quod
1991 542 2018 604 si

189 636 376 716 statuimus,
400 636 501 699 nostri
525 635 588 698 loci
611 633 763 720 princeps
786 635 900 698 vitium
925 635 1026 699 latere
1049 637 1081 699 in
1105 633 1198 719 ἐμοῖς
1220 645 1366 722 apparet.
1414 639 1627 706 Soribendum
1655 643 1755 727 igitur
1783 665 1857 708 esse
1882 665 2017 709 causeo:

704 749 819 840 φίλοι
844 749 905 842 γάρ
928 749 1011 820 είσιν
1034 747 1077 819 σί·
1100 753 1210 820 κενοὶ
1234 753 1450 843 ιιροσίκτορες

188 876 329 959 ‘cognati
354 874 439 940 enirn
464 894 528 938 non
552 881 627 938 sunt
651 875 733 937 irriti
757 873 945 960 supplices,
978 875 998 940 i.
1024 897 1051 939 e.
1082 896 1199 960 preces
1231 897 1344 941 eorrun
1375 877 1564 959 audiuntur,
1594 901 1666 944 oum
1694 902 1745 945 me
1769 903 1864 946 nemo
1894 881 2017 950 audiat.

189 978 371 1064 Aptissima
396 978 478 1042 haee
503 976 612 1042 diacre
629 975 926 1061 Clytaemnestram
950 988 1045 1042 nemo
1068 998 1132 1042 non
1151 978 1248 1042 videt.
1296 979 1338 1043 ut
1361 981 1500 1045 similem
1516 1003 1596 1048 sane
1615 985 1779 1049 notionem
1804 980 1893 1064 κενός
1915 985 2017 1050 habet

187 1084 218 1146 iu
243 1081 401 1167 Aeschyli
425 1083 518 1167 lrgrn.
539 1081 617 1144 239:
650 1073 743 1144 oiirrro
766 1104 817 1158 τις
836 1072 1007 1145 Ἀκταίων
1030 1072 1157 1168 ἄθηρος
1180 1079 1281 1167 ἡμέρα
1298 1083 1309 1163 ll
1326 1077 1431 1164 κενόν,
1455 1085 1561 1149 πανοῦ
1583 1085 1785 1166 rrlocmrirr‘,
1810 1081 1960 1174 ἔπεμψεν
1984 1087 2017 1168 ἐς

186 1181 318 1267 δόμους.
367 1191 398 1249 Ν
420 1185 562 1249 litteram
587 1189 695 1248 autem
712 1204 904 1248 conversam
924 1185 956 1247 in
973 1183 1161 1248 uterlibet
1178 1185 1282 1250 codex
1300 1185 1446 1273 Choeph.
1464 1191 1513 1253 53.
1539 1189 1730 1273 (δεσποαῦμ
1748 1213 1805 1278 pro
1822 1192 2016 1275 deorromiu):

188 1291 244 1352 'llll
274 1289 343 1372 (μιν
366 1308 425 1375 pro
448 1289 522 1370 νιν).
568 1285 692 1360 Quodsi
720 1287 846 1352 librarii
873 1307 985 1376 errore
1016 1309 1057 1352 ex
1090 1280 1127 1352 oi·
1150 1285 1239 1354 κενοί
1267 1291 1370 1355 semel
1392 1291 1514 1355 laetum
1543 1299 1613 1356 erat
1637 1283 1695 1358 oia
1718 1291 1802 1378 ἐμοί,
1827 1295 1886 1359 hoc
1909 1315 2015 1383 paene

187 1393 376 1455 necessario
413 1394 512 1456 traxit
547 1413 606 1476 per
634 1392 698 1454 vim
728 1389 943 1475 oppositionis
973 1385 1097 1476 φίλοις,
1127 1390 1225 1476 idque
1257 1393 1341 1456 male
1369 1393 1572 1460 intellectum
1597 1393 1698 1478 ἐμοῖς.
1746 1396 1898 1462 Ceterum
1923 1393 2013 1486 φίλοι

188 1494 351 1558 emendati
382 1515 496 1560 versus
534 1501 642 1558 utrum
677 1514 733 1578 pro
770 1493 918 1577 cognatis
950 1493 1152 1579 accipiantur
1182 1513 1223 1558 an
1252 1515 1310 1581 pro
1338 1497 1451 1561 amicis
1482 1497 1569 1561 haud
1600 1499 1774 1583 quidquam
1809 1501 1945 1566 interest
1975 1501 2015 1565 ad

187 1595 392 1661 sententiam.
839 1657 849 1682 ,
932 1659 941 1682 y
1059 1661 1067 1682 ,
1179 1665 1193 1679 ,

710 1667 778 1732 137.
814 1663 882 1730 ord'
907 1689 1089 1752 arparqqoa
1112 1664 1228 1750 aveop'
1250 1662 1458 1752 ἐπουρίσασα
1482 1669 1540 1734 ιιῦι

810 1759 918 1850 ἀτμῶι
941 1763 1197 1848 κατισχαίνουσα
1221 1763 1341 1854 νηίύοσ
1363 1767 1460 1858 πυρί·

705 1873 774 1937 139.
810 1867 894 1936 hiron
916 1866 1055 1958 μάραινε
1078 1869 1243 1957 δευτέροισ
1267 1867 1457 1958 διώγμασιν,

185 1991 442 2078 κατισχαίνουσα
467 1995 588 2060 rectius
613 2015 686 2058 cum
710 1992 902 2060 Robortello
926 1999 1069 2057 mutetur
1090 1993 1123 2058 iu
1147 1989 1430 2076 κατισχναίνουσα,
1447 2001 1635 2082 praestatae
1653 1997 1776 2062 servari
1796 1997 1877 2064 illud
1892 1997 2016 2076 dubito,

186 2121 257 2164 enm
295 2098 436 2164 noudum
471 2100 549 2162 satis
584 2105 787 2184 compertum
820 2096 977 2178 habeam,
1005 2117 1069 2180 quo
1098 2097 1167 2161 iure
1196 2097 1299 2160 critici
1323 2117 1436 2164 omues
1457 2099 1549 2162 verbi
1574 2099 1676 2164 Attici
1700 2094 1835 2180 ίσχαίνιιι
1860 2101 2016 2187 reliquias

184 2202 375 2268 deleverint.
423 2202 549 2267 Deinde
575 2201 715 2266 editores
739 2193 807 2266 οὐδ’
825 2209 1011 2288 corruptum
1035 2222 1109 2264 esse
1133 2201 1196 2264 rati
1220 2201 1422 2287 seripserunt
1442 2202 1641 2267 Pearsonius
1664 2197 1703 2267 σί·
1721 2201 1762 2282 δ”,
1788 2203 2016 2270 Weckleinius

184 2305 243 2370 σοῦ
271 2303 312 2386 δ’,
335 2305 556 2370 Kirehholfius
585 2293 621 2370 εί
645 2302 684 2383 δ’,
716 2325 734 2368 e
763 2305 881 2389 quibus
905 2304 1048 2370 maxime
1073 2303 1150 2368 mihi
1173 2305 1284 2388 placet
1306 2299 1346 2368 σὺ
1369 2302 1409 2384 δ’,
1438 2304 1523 2389 quod
1554 2313 1630 2390 apte
1661 2307 1835 2392 opponitur
1859 2309 2017 2394 proximis

183 2412 254 2486 τοῖς
276 2403 459 2496 σώφρονα,-
486 2408 707 2474 necessarium
735 2408 859 2473 nullum
890 2429 963 2474 esse
992 2415 1087 2494 puto,
1117 2408 1174 2472 sed
1205 2429 1261 2474 eos
1290 2429 1405 2472 versus
1430 2411 1517 2490 (137.
1546 2409 1619 2494 138)
1644 2431 1703 2495 per
1727 2412 2016 2498 interrogationem

183 2533 282 2598 posse
307 2513 516 2599 pronuntiari.
561 2512 765 2598 Aeschylum
795 2515 881 2576 enim
910 2512 950 2576 ad
982 2511 1215 2576 describendos
1247 2512 1460 2593 vehementes
1491 2512 1591 2576 animi
1620 2519 1729 2578 motus
1753 2516 1824 2580 solo
1848 2516 2018 2602 participio

183 2616 316 2701 saepius
351 2636 444 2680 usum
480 2637 555 2682 esse
591 2637 691 2702 supra
719 2615 857 2680 vidimus
887 2613 941 2698 (ef.
967 2614 1007 2678 ad
1034 2637 1080 2681 vs.
1106 2613 1174 2700 68).
1230 2615 1434 2700 Quamquam
1469 2615 1610 2682 laudatis
1636 2619 1717 2684 loeis
1755 2619 1937 2686 subiectum
1968 2623 2018 2684 est

183 2717 341 2798 additum,
365 2719 492 2784 deesse
507 2721 622 2805 potuit,
646 2720 833 2804 ubieunque
857 2717 897 2782 do
921 2718 1069 2782 subiecto
1092 2718 1263 2784 dubitandi
1287 2739 1352 2782 uon
1381 2725 1431 2783 est
1453 2719 1556 2787 loeus.
1601 2719 1697 2802 Item,
1720 2723 1776 2808 qui
1800 2743 1874 2788 cum
1896 2721 2015 2788 Kirch-

182 2822 283 2887 hoffio
313 2824 428 2908 legunt
460 2812 513 2902 εὖ,
547 2823 687 2888 subiecti
719 2823 990 2908 significationem
1024 2841 1217 2907 suspensam
1245 2820 1389 2888 habeant
1417 2841 1552 2888 necesse
1577 2829 1640 2904 est,
1662 2823 1739 2890 dum
1764 2825 1901 2890 audiunt
1921 2822 2016 2890 licor.

181 2925 307 2990 Eodem
331 2925 491 2992 beneficio
516 2925 666 3012 equidem
689 2927 823 3007 manill
867 2925 954 2990 Nota
977 2932 1087 2990 autem
1110 2933 1161 2989 est
1184 2925 1294 2992 aoristi
1320 2925 1368 2988 vis
1394 2925 1425 2988 in
1449 2926 1761 3011 interrogationibus
1784 2929 2016 3015 incipientibus

182 3052 203 3092 a
223 3025 257 3093 al
283 3021 331 3112 οὖ,
360 3031 585 3114 impatientiae
614 3031 740 3094 scilicet
769 3036 802 3095 et
832 3029 1024 3116 imperandi.
1070 3028 1184 3114 Neque
1213 3029 1384 3093 benevim
1417 3029 1449 3092 in
1478 3029 1670 3114 pronomine
1697 3026 1732 3094 τί
1760 3031 1901 3116 positam
1930 3053 2014 3107 essa,

184 3133 243 3198 sed
267 3135 298 3197 in
322 3141 469 3218 tempore
501 3140 533 3198 et
560 3134 736 3220 negatione
760 3141 906 3220 apparet.
956 3133 1071 3218 Itaque
1096 3129 1165 3198 οὐδ’
1190 3127 1370 3218 αἱματηρὸν
1392 3130 1510 3216 πνεῦμ’
1533 3128 1756 3217 &merolanam
1789 3135 1834 3198 ita
1869 3136 2016 3220 intellegi

182 3258 281 3322 posse
305 3258 417 3323 spero,
442 3245 478 3301 ut
500 3238 542 3301 sit
565 3239 681 3323 ‘neque
712 3238 777 3302 iam
808 3237 928 3302 dudum
959 3239 1173 3322 sanguineum
1205 3237 1353 3322 spiritum
1377 3234 1564 3300 alliavisti‘l’
1588 3235 1609 3300 i.
1634 3258 1663 3302 e.
1693 3238 1756 3302 cito
1785 3237 1875 3304 ailla!
1921 3237 2017 3304 Haec

182 3341 291 3405 omnia
314 3347 424 3406 autem
448 3362 574 3406 summa
596 3341 807 3406 festinatione
832 3347 929 3427 atque
959 3343 1082 3428 impetu
1111 3342 1327 3428 pronunciata
1355 3339 1469 3404 audire
1501 3338 1579 3404 mihi
1608 3339 1730 3406 videor.
1776 3340 1929 3427 Denique
1952 3363 2017 3428 qua

182 3443 395 3508 Hermannus
418 3443 591 3522 laborabat
616 3445 813 3528 offensione,
838 3447 891 3531 qui
916 3445 973 3532 ‘aqi
994 3444 1034 3510 de
1058 3445 1177 3510 Oreste
1201 3445 1421 3523 intellectum,
1447 3443 1492 3507 sie
1520 3445 1553 3506 in
1576 3443 1640 3509 fine
1663 3465 1797 3524 versus,
1821 3447 2017 3531 praesertim

183 3553 342 3634 sequente
365 3549 429 3612 alio
454 3547 572 3627 dativo,
598 3539 701 3636 ἀτμῷ,
726 3569 859 3634 prorsus
883 3547 1040 3635 putidum'
1065 3569 1139 3614 esse
1164 3547 1300 3629 censuit,
1326 3566 1522 3632 quamquam
1545 3547 1631 3611 haud
1662 3549 1708 3612 ita
1731 3556 1780 3612 est
1803 3569 1940 3634 magna,
1965 3551 2016 3612 in-

180 3673 258 3716 esse
283 3671 353 3716 eam
377 3673 442 3716 non
466 3653 665 3736 negaverim.
711 3648 816 3724 Quam
839 3657 874 3716 ut
890 3653 1052 3736 effugeret
1075 3651 1131 3715 ille
1156 3651 1287 3736 scripsit
1308 3647 1396 3736 τῷδ’,
1421 3656 1608 3737 contempta
1631 3671 1729 3734 quam
1751 3653 1822 3738 ipse
1848 3651 2017 3718 invenerat

182 3755 269 3840 lage,
294 3777 335 3820 ue
359 3756 431 3841 quie
454 3761 531 3822 ante
554 3754 754 3841 Sophoclem
779 3755 911 3820 vocales
944 3756 975 3818 iu
1009 3755 1073 3818 fine
1097 3775 1213 3818 versus
1243 3753 1329 3818 abici
1352 3753 1480 3832 credat,
1504 3759 1629 3818 mutato
1653 3775 1808 3818 versuum
1831 3755 1954 3836 ordine,
1979 3762 2015 3821 ut

183 3856 259 3944 τῷδ’
278 3859 447 3944 exciperet
461 3857 554 3925 ἴσον.
593 3859 621 3922 Ε
646 3859 763 3944 quihus
786 3854 868 3922 nihil
889 3866 980 3924 reete
1003 3857 1122 3923 fecisse
1139 3856 1275 3922 videtur.
1307 3851 1387 3923 “otc
1410 3857 1496 3922 enim
1520 3857 1560 3921 de
1577 3859 1807 3944 praesentibus
1831 3860 1958 3942 dieitur,
1984 3869 2017 3924 at

181 3982 297 4026 versus
321 3959 418 4044 licon,
442 3959 581 4047 μάραινε
603 3960 764 4047 δευτέροις
787 3957 969 4047 διώγμασιν
998 3962 1152 4026 confertis
1184 3961 1385 4048 imperativis
1417 3960 1553 4044 insignis
1576 3962 1638 4045 ipsi
1662 3963 1819 4028 orationis
1847 3963 2015 4028 clausulae

181 4066 286 4129 multo
316 4067 419 4151 magis
448 4067 599 4130 convenit
631 4087 727 4153 quam
760 4067 924 4152 proximus
956 4057 1051 4151 ἀτμῴ
1073 4089 1102 4129 κ.
1123 4089 1151 4130 τ.
1173 4063 1201 4128 l.
1251 4063 1412 4150 Equidem
1445 4084 1517 4128 cum
1553 4084 1659 4150 neque
1692 4065 1757 4130 dici
1781 4087 1915 4132 necesse
1940 4089 2015 4131 esse

181 4189 351 4250 censeam,
367 4171 418 4235 oui
435 4170 548 4235 albent
567 4169 714 4256 spiritum
731 4169 860 4251 Furiae,
885 4190 990 4256 neque
1014 4170 1062 4256 aqi
1084 4176 1141 4233 aut
1162 4166 1240 4255 τῷδ’
1264 4169 1400 4232 multum
1424 4188 1482 4232 nos
1508 4168 1612 4231 iuvari
1635 4169 1676 4234 ad
1706 4189 1778 4233 eam
1801 4191 1870 4235 rem
1895 4191 2016 4256 eogno-

180 4269 352 4354 scendam,
376 4273 435 4339 hoa
459 4273 542 4338 duos
565 4293 677 4339 versus
700 4275 747 4338 sio
771 4275 983 4338 constituam:

701 4369 769 4442 οὐδ’
794 4372 977 4464 αἱματηρὸν
1000 4373 1116 4459 πνεῦμ’
1140 4371 1334 4461 ἕαοορίσασ’
1359 4371 1483 4464 ἀτμῷ,

699 4474 782 4568 ίίσιμ
805 4476 1080 4562 κατισχναίνουσα
1103 4473 1218 4566 νηδύος
1240 4474 1336 4563 σπυρίς

181 4621 300 4687 ’σαριιο
332 4601 397 4667 iam
429 4604 550 4669 dudum
586 4603 801 4688 sanguineum
834 4603 983 4688 spiritum
1018 4600 1169 4666 afflavieti
1202 4599 1324 4680 halitu,
1353 4600 1531 4666 insatiabili
1566 4608 1758 4667 conterreus
1789 4601 2015 4665 intestinorum

232 4743 238 4746 .
264 4741 519 4749 ..-..-...-—-..—-....
531 4743 540 4748 -.
559 4743 591 4748 --

287 4825 322 4892 as)
341 4825 446 4880 Similis
469 4825 497 4881 in
519 4830 616 4881 nostro
639 4841 764 4880 sermone
787 4828 830 4880 est
852 4825 985 4880 infinitivi
1009 4842 1083 4878 usus.
1122 4821 1364 4888 ttvemalsken,
1388 4823 1525 4878 Deutsehe
1544 4822 1651 4890 Syntax
1670 4823 1777 4879 lhhll.
1810 4821 1934 4892 „Fragon
1959 4820 2016 4876 ond

179 4909 295 4968 auarule
313 4913 583 4970 infinitivisethir
600 4913 804 4978 vorsehreiheu‚
823 4914 913 4969 wohin
934 4914 977 4968 ich
997 4912 1068 4966 soll?
1106 4911 1177 4965 Lesa.
1196 4913 1221 4976 2,
1237 4912 1294 4966 lli.
1321 4911 1375 4964 hlir
1392 4910 1433 4964 sie
1451 4910 1666 4964 voreuthalten'l
1697 4925 1754 4964 wer
1772 4909 1829 4962 will
1848 4909 1918 4962 das?
1947 4907 2015 4962 lliclr

180 5017 212 5054 ao
234 4999 367 5054 bethllren
387 5019 419 5055 zu
439 5001 542 5054 luascu!
571 5003 603 5058 u.
624 5002 664 5064 10,
674 5001 733 5054 81.“
754 5002 819 5054 cett.
