4602 5640
1073 245 1114 306 '23

177 461 312 526 dicatur.
351 459 395 524 Et
410 459 656 546 Theophrastus
669 459 712 546 ⁵⁸)
729 461 859 547 quidem
876 457 997 548 νράδιμ
1012 464 1159 548 appellat
1173 464 1233 528 roi
1249 461 1417 546 στελέχους
1434 458 1559 546 πάθος,
1584 461 1669 550 quod
1686 461 1764 548 quid
1788 465 1910 528 sitnon
1928 463 2009 528 satis

176 572 314 644 constat,
338 558 457 646 νράδον
473 564 623 629 morbum
639 585 812 644 ramorum,
836 586 933 649 quem
952 566 1141 631 Latinorum
1158 568 1340 652 robiginem
1357 570 1408 634 vel
1425 569 1594 634 uredinem
1611 589 1696 647 seso,
1721 575 1866 632 nostram
1883 565 2008 632 ‘brand’

175 669 271 734 lacilc
303 667 540 752 intellegimus,
577 672 732 752 atquem
766 667 797 730 in
829 668 992 734 radicibus
1021 669 1099 733 dicit
1127 671 1182 734 ille
1206 666 1440 758 σφακελισμόν.
1486 670 1525 735 In
1554 671 1691 738 eandem
1720 671 1916 736 sententiam
1939 669 2009 734 abit

175 771 360 855 Plinias⁵⁹).
412 771 458 834 At
493 772 518 834 si
550 776 640 834 reete
676 771 898 857 reputabimus
923 772 1186 859 Theophrastum
1222 779 1352 840 centurn
1382 777 1453 840 fere
1485 783 1518 840 et
1546 774 1781 861 quinquaginta
1810 775 1903 838 annis
1937 779 2010 859 post

175 873 333 959 Aeschyli
368 879 508 938 aetatem
537 873 659 938 vixisse
695 880 728 938 et
758 875 1026 962 philosophorum
1058 897 1132 944 esse
1164 878 1348 942 accuratius
1372 877 1573 964 distinguere
1603 885 1636 943 et
1666 879 1816 942 notiones
1841 883 1874 942 et
1897 876 2008 954 verba,

177 999 250 1042 cnm
274 978 358 1042 alias
381 976 466 1042 idem
492 977 675 1062 significare
698 972 818 1063 νράάιμ
839 988 872 1044 et
891 975 1010 1064 νράάον
1032 982 1201 1046 videamus
1224 1021 1263 1028 -
1288 991 1459 1068 utrumque
1485 983 1572 1048 enirn
1588 983 1717 1068 proprie
1734 987 1785 1046 est
1801 981 1937 1045 ramalia
1954 1017 2006 1058 -‚

177 1103 240 1147 non
270 1080 506 1160 dubitabimus,
537 1080 613 1166 quin
645 1079 730 1144 idem
760 1083 909 1164 morbus,
938 1105 1034 1170 quem
1063 1086 1096 1149 in
1125 1087 1223 1150 ramis
1246 1082 1365 1170 κράδον
1388 1087 1587 1173 appellatam
1612 1105 1683 1148 esse
1709 1091 1852 1163 constat,
1882 1083 2008 1168 vulgari

177 1205 326 1250 sermone
350 1185 447 1249 etiam
470 1183 504 1248 iu
526 1183 637 1270 stipite
659 1189 717 1248 aut
739 1179 859 1270 κράάος
881 1195 938 1252 aut
961 1183 1063 1274 κράάι,Ι
1087 1187 1148 1253 diei
1172 1192 1324 1275 potuerit,
1348 1191 1540 1276 praesertim
1564 1209 1637 1254 cam
1660 1183 1761 1274 κράάη
1778 1186 2008 1274 Theophrasto

178 1287 275 1356 etiam
298 1282 415 1366 ττάάος
437 1288 495 1354 τοῦ
518 1284 686 1369 στελέχους
709 1296 859 1356 vocaturn
883 1293 934 1372 sit,
958 1293 1127 1377 multoque
1151 1294 1257 1357 minus
1281 1302 1412 1380 poetam
1435 1315 1476 1358 ea
1499 1291 1628 1358 dicendi
1650 1292 1782 1356 licentia
1805 1311 1899 1355 usum
1922 1311 2009 1366 esse,

177 1394 204 1458 si
228 1415 293 1479 qua
317 1399 367 1458 est
389 1392 534 1472 licentia,
557 1390 776 1476 gravabimur.
975 1473 978 1480 Ι
1323 1473 1327 1480 Ι

593 1507 663 1568 169.
699 1499 854 1589 &pacatas
878 1505 914 1570 δὲ
935 1500 1033 1588 μάντι
1057 1511 1160 1592 σιῦιμι
1184 1501 1309 1590 άσματι
1534 1579 1539 1591 ,
1773 1542 1778 1572 ι

593 1609 661 1672 170.
695 1602 798 1691 μσκὸν
821 1603 967 1695 ἔχρανάά
992 1601 1196 1676 αάτόσσιτοσ
1219 1602 1426 1697 attestatos.

176 1728 214 1791 In
237 1727 288 1792 hie
312 1735 443 1814 praeter
464 1721 568 1810 μοκὸν
591 1729 646 1793 vix
669 1730 844 1816 quidquam
868 1751 942 1794 esse
965 1730 1154 1795 mutandum
1179 1751 1298 1797 censeo
1322 1733 1423 1797 etita
1446 1732 1670 1798 scribendum:

696 1845 839 1938 ἐφεστίῳ
862 1850 897 1918 δὲ
919 1833 1075 1936 μάντις,
1100 1841 1152 1932 ο”ι’,
1175 1849 1339 1936 μιάσματι

696 1948 798 2036 μυχὸν
821 1949 967 2040 ἐχράνατ’
991 1979 1020 2021 κ.
1035 1981 1064 2021 τ.
1080 1956 1108 2021 λ.

178 2077 230 2140 Sic
260 2073 430 2161 aptissime
454 2069 503 2154 οἴ,
540 2079 698 2159 quaeest
726 2073 910 2138 interiectio
935 2081 968 2138 et
990 2074 1111 2140 doloris
1136 2081 1169 2140 et
1193 2073 1425 2161 indignationis
1449 2077 1561 2164 plena,
1593 2078 1678 2142 iuter
1701 2095 1758 2140 eas
1783 2093 1880 2136 venes
1905 2070 2007 2136 inter-

177 2177 264 2242 cedit
297 2185 330 2242 et
362 2177 527 2257 notiones,
563 2177 680 2261 quibus
711 2177 947 2263 coniungendis
975 2178 1113 2243 affectus
1139 2179 1187 2244 illi
1214 2179 1398 2265 gignuntur.
1435 2179 1535 2246 Cuius
1559 2179 1709 2244 dictionis
1732 2197 1833 2242 unum
1857 2176 2007 2239 attulisse

177 2282 364 2366 exemplum
390 2281 470 2346 satis
493 2279 613 2364 eritl0).
659 2279 816 2346 Similiter
839 2282 902 2346 ism
925 2281 1163 2346 Wakefieldius
1187 2285 1369 2349 coniecerat
1390 2277 1520 2368 μάντις,
1545 2272 1586 2364 τά,
1618 2288 1847 2369 praeterquam
1871 2277 1957 2366 quod
1980 2265 2007 2342 ὦ

177 2387 278 2449 multo
306 2385 413 2450 minue
446 2390 497 2450 est
519 2384 728 2470 perspicuum
753 2391 786 2449 et
809 2391 936 2470 aptum;
972 2406 1077 2470 neque
1100 2379 1246 2472 ἐχράνατ’
1271 2388 1326 2452 ille
1350 2387 1516 2473 scripserit
1538 2409 1580 2451 an
1602 2381 1753 2472 ἔρροντας,
1790 2389 1826 2448 ut
1848 2381 2008 2468 plerique,

177 2487 356 2574 comperire
385 2488 485 2574 potui.
530 2487 626 2560 Quod
654 2489 709 2572 qui
741 2489 890 2554 fecerunt
921 2496 953 2554 et
983 2489 1081 2554 medii
1104 2491 1237 2574 generis
1260 2491 1312 2556 hie
1338 2512 1412 2556 esse
1435 2491 1595 2556 rationem
1618 2495 1756 2574 negant,
1792 2507 1856 2573 quo
1879 2487 1949 2552 iure
1974 2483 2006 2548 id

176 2591 375 2657 contendant
397 2593 518 2657 nescio.
563 2589 658 2656 Haec
681 2589 768 2657 enim
792 2597 843 2657 est
866 2594 936 2657 eius
959 2593 1058 2674 ratio,
1088 2597 1123 2657 ut
1145 2591 1324 2678 significet,
1349 2593 1434 2680 quod
1457 2593 1512 2657 alii
1536 2592 1708 2659 scribendo
1732 2597 1788 2658 aut
1811 2586 1869 2658 σὸν
1891 2595 1949 2656 aut
1972 2576 2009 2654 ὃν

174 2689 277 2777 μοιχόν
300 2695 431 2760 elfieere
455 2694 658 2773 studuemnt‚
682 2701 716 2760 et
739 2715 804 2760 uon
828 2697 898 2760 sine
919 2696 1069 2762 irrisione
1094 2697 1203 2783 alique
1224 2697 1305 2762 illud
1329 2703 1380 2764 est
1403 2697 1533 2763 dictum.

595 2819 664 2883 177.
699 2809 943 2901 ττοτιτράτταιος
966 2815 994 2880 d'
1018 2809 1071 2897 dv,
1095 2815 1202 2902 ἕτερον
1224 2815 1257 2884 ἐν
1280 2812 1363 2903 κάρα

594 2921 664 2984 178.
697 2911 849 3005 μιάστορ’
875 2913 999 2986 ἐκείνου
1022 2914 1176 2986 ττάσττιτι.
1239 2965 1241 2974 ,

174 3041 339 3106 Porsonus
363 3039 391 3104 δ’
417 3059 477 3104 sno
501 3040 570 3104 loco
593 3041 703 3125 posuit
729 3047 804 3126 post
826 3033 885 3120 div,
913 3040 994 3106 lad
1021 3035 1106 3127 adpo
1135 3042 1191 3106 alii
1218 3041 1417 3108 adiecerunt.
1464 3037 1587 3108 ἐκείνου
1613 3040 1749 3122 deinde,
1785 3040 1869 3125 quod
1903 3060 2008 3124 neque

174 3145 322 3228 intellegi
345 3149 456 3229 potest
479 3148 512 3206 ct
535 3144 690 3208 metricae
715 3145 830 3208 rationi
854 3152 1033 3231 repugnat,
1058 3151 1135 3228 quot
1159 3145 1353 3211 coniecturis
1377 3148 1420 3211 sit
1441 3151 1602 3210 tentatum
1624 3147 1679 3211 vix
1702 3144 1872 3230 quisquam
1897 3142 2007 3208 disere

174 3249 304 3334 poterit.
350 3246 606 3331 Elegantissime
629 3254 690 3326 est,
713 3269 810 3332 quam
834 3267 937 3332 nuper
953 3247 1173 3313 Kirchhoffius
1198 3250 1332 3334 protulit
1355 3243 1437 3316 εἶσιν
1453 3237 1501 3316 οὗ.
1537 3247 1693 3314 Attamen
1714 3269 1755 3314 no
1772 3249 1805 3310 in
1823 3268 1862 3312 ea
1877 3245 2007 3330 quidem

173 3350 449 3437 acquiescendum
474 3371 547 3416 esse
572 3350 721 3415 existimo
746 3359 778 3415 et
802 3352 958 3439 scriptum
982 3352 1083 3416 fuisse
1107 3353 1182 3416 olim
1207 3376 1290 3418 εινιν.
1313 3379 1368 3434 ους
1391 3354 1478 3440 quod
1500 3351 1677 3437 legendum
1702 3358 1754 3416 ost
1777 3351 1839 3415 sic:

1014 3455 1106 3538 εἵνεχ’
1131 3443 1168 3520 οὗ
1861 3517 1868 3531 ,

173 3577 261 3622 mum
284 3557 410 3642 piaculo
434 3559 476 3622 sit
500 3559 751 3632 contaminatus,
775 3559 913 3623 alterurn
935 3560 968 3622 in
985 3561 1090 3646 eapite
1108 3559 1269 3626 vindicem
1287 3562 1358 3648 ipse
1374 3583 1433 3647 per
1450 3582 1485 3624 se
1500 3557 1667 3634 inveniet.
1703 3549 1745 3620 lit
1765 3553 1844 3619 illud
1860 3551 1952 3634 εἵνεχ’
1970 3539 2007 3617 od

172 3660 350 3726 vernaculo
380 3683 531 3726 sermone
558 3661 692 3727 reddam
717 3659 841 3747 ί(ραιιτ)
866 3683 928 3726 von
952 3662 1079 3742 solbet,
1116 3671 1214 3747 atque
1238 3664 1412 3751 explanem
1437 3669 1520 3728 ‘cum
1546 3664 1573 3726 is
1597 3657 1656 3740 sit.
1691 3660 1745 3743 qui
1769 3656 1840 3724 est'.
1885 3657 2005 3742 Aptam

171 3788 249 3830 csse
272 3765 355 3830 hanc
379 3765 591 3845 sententiam,
624 3773 660 3829 nt
683 3767 846 3851 exprimat
870 3770 1085 3834 certissimam
1109 3768 1280 3834 Furiarum
1311 3792 1401 3856 sporn
1426 3777 1459 3834 ot
1482 3768 1650 3847 fiduciam,
1681 3764 1777 3831 facile
1801 3760 1910 3827 credo.
1956 3759 2006 3824 Do

173 3870 337 3954 scriptura
364 3875 473 3934 auteur
497 3870 620 3949 dubito,
644 3876 752 3934 utrum
775 3871 886 3937 littera
908 3877 942 3936 Κ
963 3871 1097 3937 Ionismi
1122 3872 1164 3936 sit
1188 3873 1360 3958 vestigium
1385 3894 1427 3936 an
1449 3871 1533 3936 idem
1559 3871 1681 3936 reserat
1704 3867 1836 3944 vitium,
1865 3861 1951 3949 quod
1975 3863 2007 3926 in

170 3967 277 4056 μοκόν
299 3971 587 4058 deprehendimus:
622 3973 686 4036 nisi
709 3974 792 4040 forte
815 3974 849 4037 id
872 3976 978 4061 ipsum
1003 3982 1054 4041 est
1077 3975 1222 4040 loniemi.
1267 3977 1384 4062 Neque
1408 3975 1541 4040 difficile
1566 3981 1617 4038 est
1639 3971 1822 4048 intellectu,
1847 3966 2006 4054 quomodo

171 4075 324 4140 librarius
347 4077 475 4162 aliquis,
500 4097 572 4142 cunr
596 4076 692 4160 plane
715 4078 858 4141 nesciret
881 4078 955 4164 quid
982 4085 1072 4143 esset
1088 4101 1171 4144 εινεκ
1187 4103 1234 4158 στ’,
1260 4080 1396 4165 primam
1414 4086 1447 4144 ct
1463 4079 1598 4143 alteram
1614 4075 1773 4162 syllabam
1790 4070 2006 4138 convertendo

175 4235 182 4242 .
199 4233 341 4242 -—-—v-—--
371 4236 490 4242 ----
528 4235 585 4242 -.—.·

277 4335 311 4398 ss)
332 4331 469 4402 Theophr.
488 4333 552 4387 hist.
571 4332 660 4402 plant.
681 4333 769 4398 1‚8,5
791 4333 872 4393 ἐνίοις
896 4335 924 4386 δὲ
950 4339 993 4387 κατ’
1019 4329 1078 4388 οἶον
1102 4335 1201 4406 ιτράάτιι
1226 4341 1366 4404 γίγνονται
1392 4338 1519 4408 καθάπερ
1541 4335 1639 4404 πτελέᾳ
1664 4334 1709 4386 κατ’
1734 4331 1799 4405 ιλροῒ
1820 4330 1864 4384 arri
1887 4329 2007 4400 μάλιστα

168 4423 203 4474 ἐν
227 4419 362 4490 πλατάνῳ·
386 4420 435 4473 ἐάν
456 4421 486 4472 de
511 4421 541 4474 ἐν
564 4422 676 4489 τραχέσι
699 4417 745 4471 καὶ
768 4413 896 4490 άνάιλροις
920 4419 963 4473 ιιιά
984 4421 1192 4491 τινενμτιτώάεσι
1214 4420 1257 4474 καὶ
1281 4424 1426 4483 παντελῶς.
1469 4423 1579 4482 Πάντως
1598 4421 1626 4474 δι’
1645 4420 1713 4490 πρός
1731 4421 1763 4488 τῇ
1780 4420 1815 4488 γῇ
1835 4416 1877 4470 md
1898 4409 1957 4470 οἷον
1977 4419 2006 4484 τῇ

167 4507 278 4576 κεφαλῇ
298 4507 347 4559 τοῦ
364 4507 506 4576 στελέχους
525 4501 776 4575 άττογηρασκόντων
794 4505 825 4559 τά
842 4506 931 4566 πάθος
950 4511 1028 4562 τοῦτο
1047 4510 1160 4577 γίνεται.
1180 4539 1212 4550 -
1231 4509 1298 4564 ibid.
1319 4511 1365 4572 IV,
1386 4511 1425 4574 14,
1435 4511 1460 4565 4.
1478 4511 1600 4564 καλεῖται.
1618 4509 1646 4562 dt
1666 4505 1854 4578 στριικιλισμός
1869 4505 1922 4574 μέν
1941 4501 2008 4558 ’όταν

168 4596 201 4644 τά
221 4593 299 4662 (iidoc
310 4595 478 4663 μελανθῶσι,
497 4593 595 4664 apsidas
614 4591 638 4644 ά
656 4591 724 4646 ὅταν
742 4593 768 4646 ολ
786 4592 888 4646 κλάδοι·
907 4593 951 4646 καὶ
971 4595 1025 4665 γάρ
1044 4596 1156 4649 καλοῦσι’
1175 4615 1245 4655 τινος
1262 4595 1385 4665 κράτλοσς.
1404 4594 1473 4650 taen
1490 4596 1533 4649 κιά
1556 4593 1675 4665 τοῦνομα
1697 4594 1726 4664 τῇ
1746 4593 1825 4662 νάσῳ.

277 4680 311 4746 ne)
331 4679 401 4733 Plin.
421 4679 485 4733 hist.
504 4683 563 4733 nat.
583 4679 669 4742 XVll,
688 4681 728 4732 24.
761 4679 862 4734 Verum
882 4683 914 4734 ut
932 4681 1039 4736 homini
1058 4699 1203 4738 nervorum
1224 4681 1371 4745 cruciatus,
1390 4683 1429 4738 sio
1454 4687 1483 4738 ct
1500 4682 1601 4750 arbori,
1620 4699 1651 4736 aa
1671 4681 1779 4736 duobus
1798 4677 2006 4748 sequestratim

165 4769 223 4820 aut
242 4763 315 4820 eninr
334 4763 361 4818 in
382 4765 466 4835 pedes
484 4767 511 4820 h.
524 4783 548 4821 e.
562 4765 668 4820 radices
685 4763 816 4835 irrumpit
828 4765 870 4820 vis
889 4767 977 4821 morbi
996 4771 1046 4822 aut
1065 4767 1094 4822 in
1112 4769 1245 4823 articulos
1264 4769 1291 4824 h.
1305 4785 1327 4822 e.
1341 4768 1515 4824 cacuminum
1529 4769 1643 4842 digitos,
1662 4769 1711 4840 qui
1730 4767 1926 4839 longissimos
1946 4767 2007 4818 tote

164 4866 287 4922 corpore
305 4856 421 4914 exeunt;
445 4851 606 4908 inarescunt
624 4869 699 4923 ergo,
719 4855 747 4908 ct
765 4855 833 4908 sunt
848 4853 923 4923 apud
944 4855 1063 4910 Graecos
1082 4873 1132 4912 sua
1150 4855 1263 4910 nomina
1282 4855 1395 4924 utrique
1415 4855 1492 4911 vitio.

274 4941 310 5008 eo)
330 4941 402 4994 Pers.
422 4941 496 4996 1053.
531 4941 648 5011 μέλαινα
667 4941 692 4992 d
712 4927 748 4994 αά
765 4941 918 5011 μεμίξεται,
938 4945 972 5010 ot,
992 4943 1140 4997 στονόεσσα
1158 4943 1259 5014 πλαγά.
