4602 5640
1183 223 1222 284 14

1097 309 1301 318 ——-—-.-

288 435 382 508 dduv:
405 435 530 530 κρήνην.
576 441 620 508 Et
642 441 670 505 si
687 460 799 505 verum
823 445 884 520 est,
908 439 994 524 quod
1011 437 1288 522 distractiones,
1312 439 1457 508 codicem
1481 443 1513 508 in
1529 443 1686 508 extremis
1701 444 1852 510 versibus
1877 418 1934 530 pro
1953 449 1989 509 Ν
2006 444 2117 512 littera

291 546 442 612 lineolam
467 567 609 631 superne
632 543 762 610 adicere
785 543 902 622 solere,
927 537 1172 608 suffieiarbaee
1195 543 1317 610 lineola
1340 545 1381 612 ad
1405 545 1542 610 traditas
1566 546 1692 612 litteras
1715 548 1843 614 adiecta
1860 546 1972 613 ordine
1989 555 2116 616 mutato

288 649 525 716 scribentibus:
1188 716 1204 730 .

1062 715 1202 804 δυσφιλη
1227 710 1329 780 dcliv.

287 839 404 904 Nullus
431 839 518 902 enim
544 837 674 917 dubito,
698 836 775 922 quin
802 835 918 902 AAIC
939 873 978 884 -
1005 835 1045 901 dc
1069 857 1131 922 quo
1156 837 1236 901 nihil
1258 837 1416 902 habemns
1439 839 1500 902 nisi
1524 837 1585 904 dni·
1605 845 1638 904 ct
1660 833 1734 904 ocia
1759 876 1796 886 -
1823 839 1909 906 sicut
1925 839 2115 906 Latinorum

289 942 418 1016 caedes.
444 941 495 1006 eui
519 947 570 1004 est
593 939 801 1022 simillimum,
826 948 859 1004 et
883 937 1083 1005 Graecorum
1106 935 1206 1028 φόνος
1234 941 1358 1010 usitata
1382 943 1596 1008 translatione
1621 943 1685 1008 dici
1708 945 1849 1029 potuerit
1873 964 1930 1028 pro
1956 946 2117 1028 sanguine

288 1046 401 1112 eiiuso.
448 1043 557 1110 Utitur
579 1052 687 1110 autam
712 1045 772 1107 hac
796 1065 885 1124 voce,
910 1064 992 1130 quae
1017 1049 1066 1108 est
1090 1045 1249 1130 imprimis
1274 1045 1420 1124 Homeri,
1445 1046 1543 1110 etiam
1567 1044 1813 1132 Aeschylus⁸⁰).

807 1167 856 1228 67.
892 1161 948 1228 καὶ
973 1164 1026 1228 νῦν
1049 1157 1196 1232 diodone
1218 1157 1318 1232 adeda
1340 1160 1405 1230 τὰσ
1425 1159 1573 1252 μα’ργοοσ
1596 1157 1680 1252 dorio

714 1261 715 1264 '
887 1261 995 1352 ὕπνῳ·
1019 1268 1181 1332 ιιεσσῑσαι
1205 1267 1234 1332 d'
1258 1264 1294 1334 oi
1316 1262 1544 1334 κατάπτυστοι
1566 1263 1672 1353 κόροι,

889 1371 1002 1454 γραῖαι
1025 1367 1169 1435 παλαιαὶ
1194 1370 1326 1450 acideo,
1351 1360 1409 1435 αἷσ
1433 1361 1470 1436 οὗ
1492 1367 1645 1457 μίγνυται

804 1477 854 1536 70.
887 1473 975 1541 θεῶν
997 1494 1052 1537 τισ
1074 1466 1141 1540 ciic'
1165 1465 1349 1557 ἅνθρωποο
1372 1465 1447 1540 oliae
1469 1469 1535 1560 θήρ
1558 1498 1650 1542 rocca.

288 1597 326 1662 ln
350 1597 400 1662 his
425 1597 572 1660 versibus
597 1596 734 1681 primum
763 1615 835 1658 cum
865 1593 977 1659 codiee
1006 1600 1082 1680 post
1110 1589 1202 1679 ἱῖιιοῳ
1231 1594 1421 1682 interpungi
1444 1594 1554 1658 malim
1579 1615 1675 1680 quam
1698 1601 1774 1680 post
1797 1587 1892 1682 ὁρᾷς,
1921 1593 2006 1681 quod
2028 1595 2112 1660 hacc

288 1701 391 1766 rerba
414 1699 575 1764 arceium
600 1721 628 1762 κ.
645 1721 672 1762 τ.
689 1697 717 1761 λ.
742 1696 971 1781 triumphantis
995 1698 1089 1782 quasi
1112 1705 1189 1762 sunt
1211 1696 1275 1776 dci,
1299 1698 1416 1784 quibus
1440 1698 1562 1764 rectius
1586 1675 1675 1762 nulla
1698 1697 1858 1762 adiciatur
1875 1698 2114 1765 determinatio.

287 1803 330 1868 Et
352 1803 516 1890 participii
539 1823 615 1867 usus
640 1801 821 1866 simillimus
845 1799 1313 1886 estinOhceph.vss.1042.
1337 1803 1388 1865 43.
1416 1799 1511 1866 llum.
1539 1799 1658 1885 144³7),
1682 1800 1743 1865 nisi
1769 1801 1854 1886 quod
1876 1801 1927 1867 his
1949 1802 2030 1866 locis
2054 1823 2114 1866 ex-

287 1907 515 1972 clamationem
539 1904 661 1970 dolcris
684 1905 816 1990 plenam
841 1904 991 1988 legimus.
1036 1901 1164 1966 Deinde
1181 1903 1263 1970 haec
1279 1907 1390 1990 γραῖαι
1408 1901 1552 1968 παλαιοὶ
1574 1903 1787 1970 offensionem
1805 1905 2114 1990 quandamhabent,

287 2032 394 2095 neque
417 2009 584 2074 Schultzio
609 2006 785 2072 concedam
809 2007 867 2070 illa
890 2005 1036 2093 epitheta
1060 2006 1138 2070 satis
1162 2027 1237 2072 esse
1261 2007 1400 2086 diversa,
1424 2014 1460 2071 ut
1483 2007 1657 2072 coniuncta
1680 2009 1806 2094 possint
1829 2009 1914 2096 poni.
1959 2008 2114 2074 Nonnulli

286 2113 385 2198 igitur
408 2115 609 2199 scripserunt
633 2106 737 2188 Γαίας
758 2105 902 2174 παλαιαὶ
926 2108 1054 2190 παῖδες,
1080 2109 1167 2195 quod
1181 2109 1302 2176 Furiae
1327 2113 1424 2176 etiam
1441 2111 1564 2176 Terrae
1589 2111 1676 2176 filice
1700 2110 1861 2177 dicantur.
1906 2111 1980 2178 Hoc
2004 2117 2112 2176 autem

286 2217 365 2282 nihil
399 2220 451 2280 est
480 2215 541 2280 nisi
571 2215 685 2279 notula
714 2213 882 2278 doctrinae
913 2213 1027 2299 plene,
1058 2213 1150 2277 cuius
1179 2213 1324 2300 Apollini
1357 2214 1466 2280 nullus
1489 2233 1585 2294 usus,
1609 2213 1664 2299 qui
1687 2214 1717 2278 id
1742 2215 1945 2301 potissimum
1970 2217 2054 2299 agit,
2077 2221 2114 2277 ut

286 2320 401 2384 Furias
423 2338 520 2405 quam
544 2319 688 2382 maxime
711 2315 924 2384 detestabiles
948 2323 1117 2403 proponat.
1164 2317 1228 2382 Alii
1252 2319 1351 2404 paulo
1374 2320 1490 2384 melius
1514 2312 1642 2396 Νυκτὸς
1666 2317 1809 2383 παλαιαὶ
1833 2319 1967 2397 παῖδες,
2001 2339 2112 2403 quam-

286 2443 382 2508 quam
406 2443 470 2486 non
494 2443 606 2486 omnes
621 2420 735 2486 Noctis
757 2421 852 2486 liberi
875 2428 950 2484 sunt
973 2417 1146 2485 deformes.
1191 2420 1237 2483 At
1259 2419 1417 2485 horribile
1441 2420 1595 2506 quiddam
1619 2422 1713 2500 inest,
1737 2427 1771 2485 et
1793 2421 1884 2506 ipsae
1906 2419 2025 2486 Furiae
2048 2422 2110 2486 hcc

285 2527 416 2591 nominc
447 2523 693 2610 glorienturll).
738 2523 871 2589 Minime
899 2528 1009 2587 autem
1038 2523 1246 2609 comprobari
1277 2517 1401 2611 pote'st,
1436 2543 1500 2608 qun
1535 2525 1658 2588 ratione
1687 2523 1875 2590 Dindoriius
1909 2528 2021 2610 γραῖαι
2049 2547 2110 2611 pro

287 2625 415 2707 Νσιτός
443 2629 541 2693 scribi
570 2629 715 2714 potuisse
748 2627 857 2692 studet
885 2626 1068 2691 ostendere.
1122 2623 1213 2690 Dicit
1246 2627 1332 2690 enim
1362 2629 1476 2719 γραῖαι
1507 2645 1548 2690 ex
1575 2625 1775 2710 glossemate
1807 2627 1932 2692 illatum
1962 2628 2113 2692 inutili

285 2753 403 2800 nomen
428 2733 596 2818 expulisse
621 2731 853 2796 necessarium.
899 2730 1021 2794 Inutile
1038 2751 1117 2794 sane
1139 2730 1201 2794 boc
1224 2731 1400 2814 glossema,
1425 2729 1524 2792 immo
1548 2728 1748 2795 incredibile.
1795 2730 1879 2796 Nam
1903 2753 1975 2796 oum
1999 2735 2110 2818 γραῖαι

285 2836 470 2922 explicasse
494 2836 637 2920 aliquem
661 2835 881 2922 superscripto
905 2827 1053 2898 παλαιαί
1075 2831 1164 2898 credi
1188 2833 1293 2919 possit
1316 2829 1566 2918 quodammodo,
1589 2855 1770 2900 conversae
1792 2835 1926 2900 rationis
1950 2835 2040 2900 nullu
2062 2841 2114 2898 est

285 2940 377 3008 fides.
422 2941 531 3006 Aliam
554 2940 655 3024 igitur
670 2937 891 3004 Kirchhoftius
907 2938 1075 3021 ingressus
1092 2937 1178 3000 viam
1195 2935 1382 3021 suspicatur
1399 2937 1556 3023 scriptum
1572 2937 1674 3004 luisse
1689 2941 1801 3023 γραῖαι
1817 2933 1925 3004 πάλαι
1941 2929 2112 3020 dauriae

283 3044 317 3108 in
340 3049 468 3124 textum
492 3063 556 3108 non
579 3043 712 3127 recepit.
751 3039 794 3106 Et
818 3047 907 3106 recte
930 3041 993 3106 hcc
1016 3038 1157 3126 quidem.
1192 3037 1362 3104 Eiusmodi
1378 3039 1463 3102 euim
1482 3040 1677 3124 emendatio,
1694 3051 1730 3108 ut
1752 3044 1898 3110 omittam
1921 3041 2111 3127 languidum

284 3147 366 3214 illud
388 3141 506 3227 reditur,
530 3165 569 3212 ca
592 3145 632 3214 de
656 3167 756 3212 eausa
779 3145 881 3229 recipi
904 3166 968 3211 nou
991 3163 1088 3231 posse
1112 3143 1256 3224 videtur,
1287 3143 1372 3229 quod
1400 3146 1552 3230 proxima
1574 3145 1677 3210 verba
1699 3134 1753 3224 αἶς
1776 3138 1814 3211 οὗ
1836 3141 1989 3232 μίγνυται
2012 3151 2112 3211 ntea

285 3252 410 3318 ratione
434 3250 522 3316 dicta
544 3249 774 3332 intellegamus
797 3249 959 3333 cogimur,
982 3268 1096 3332 quam,
1121 3246 1249 3312 etiamsi
1273 3245 1359 3312 haud
1383 3247 1429 3311 ita
1449 3247 1573 3316 absona
1594 3248 1635 3312 sit
1650 3270 1670 3314 a
1685 3249 1845 3334 petulanti
1868 3270 1929 3335 quo
1949 3248 1982 3314 in
1997 3247 2113 3314 Furias

285 3355 385 3419 utitur
408 3353 527 3440 Apollo
551 3372 712 3434 sermone,
736 3350 891 3425 mutando
914 3349 1035 3418 tradita
1057 3350 1158 3415 verba
1181 3348 1347 3434 Aeschylo
1378 3349 1554 3418 obtrudere
1586 3371 1650 3416 non
1674 3351 1761 3418 licet.
1808 3351 1874 3418 Sed
1897 3373 1981 3438 quac
2006 3351 2112 3418 ambi-

284 3477 348 3542 gue
371 3455 463 3536 dixit,
486 3455 639 3540 ambigua
661 3460 815 3520 maneant
838 3474 977 3523 necesse
1001 3460 1067 3534 est,
1092 3455 1161 3520 sive
1182 3453 1316 3519 fortuito
1342 3454 1412 3518 sive
1436 3454 1584 3522 consulto
1615 3454 1663 3520 ita
1691 3455 1781 3520 dixit.
1827 3455 1871 3518 Et
1894 3455 1956 3520 hoc
1980 3455 2112 3542 quidem

285 3559 424 3628 efficitur
447 3579 487 3624 ea
509 3557 754 3640 emendatione,
778 3579 873 3644 quam
898 3579 983 3622 nunc
1006 3577 1183 3645 proponam
1216 3578 1281 3621 una
1310 3557 1422 3622 littera
1450 3579 1491 3622 ne
1515 3564 1640 3624 mutata
1663 3557 1793 3644 quidem
1819 3559 1876 3624 sed
1900 3559 2114 3646 transposita,

283 3669 319 3727 nt
340 3663 516 3730 scribatur:
970 3719 988 3747 „
1262 3727 1269 3748 ,
1349 3731 1364 3748 „

359 3757 362 3764 ·
449 3759 456 3772 ι
965 3751 1103 3813 cyprus
1126 3727 1272 3814 arciacus
1298 3727 1426 3806 παιδος.

391 3849 492 3915 Ocius
515 3849 665 3916 vocabuli
688 3849 755 3932 vis,
790 3869 875 3935 quac
905 3853 956 3914 est
978 3847 1099 3928 ‘ierox,
1134 3847 1296 3928 c'rudelis',
1331 3868 1429 3934 quam
1456 3855 1533 3933 apta
1565 3848 1607 3912 sit
1635 3853 1747 3913 nostro
1775 3850 1847 3914 loco
1869 3869 1934 3916 non
1957 3871 2037 3938 opus
2061 3856 2115 3922 est

282 3953 429 4042 pluribus
454 3953 634 4020 ostendam.
680 3951 724 4017 llt
746 3959 796 4018 est
818 3953 875 4018 illa
893 3951 1049 4037 Aeschyli
1073 3958 1106 4015 et
1121 3952 1245 4018 variam
1261 3953 1388 4038 primae
1405 3952 1552 4038 syllabae
1567 3971 1752 4018 mensuram
1770 3975 1787 4019 e
1805 3956 1897 4019 metri
1914 3955 2115 4020 necessitate

282 4058 336 4122 vel
352 4056 580 4122 commoditate
596 4077 710 4120 versus
727 4057 768 4120 ab
791 4077 829 4122 eo
845 4061 1034 4140 usurpatam
1052 4053 1195 4119 exhibet.
1240 4053 1356 4139 Neque
1372 4075 1448 4119 vero
1466 4054 1506 4119 de
1523 4058 1692 4140 anapaesti
1709 4057 1741 4120 in
1757 4058 1862 4142 prima
1877 4057 2012 4122 trimetri
2028 4055 2113 4122 aede

282 4180 343 4223 usu
359 4159 501 4224 dubitari
515 4160 680 4246 potestlll,
704 4167 738 4225 at
757 4159 934 4247 respondet
949 4150 1059 4244 dippeus
1076 4158 1140 4241 legi
1157 4155 1434 4238 Hermannianaa,
1458 4165 1494 4223 ut
1516 4180 1556 4222 ne
1580 4161 1649 4224 sola
1665 4160 1828 4246 positione
1845 4162 1886 4225 ait
1901 4165 2113 4246 anapaestus.

384 4385 420 4450 cc)
439 4383 514 4452 Sept.
533 4383 590 4438 925.
610 4384 651 4436 26.
671 4382 758 4436 Ξένιον
775 4399 804 4435 τε
822 4381 933 4434 πάντων
950 4379 1046 4448 στίχας
1063 4378 1257 4452 πολυφθόρους
1276 4379 1306 4432 ἐν
1324 4379 1378 4432 dci.

385 4470 420 4534 σῖ)
728 4468 850 4538 Chocph.
868 4466 924 4536 ἐγώ
942 4465 966 4518 δ’
986 4462 1085 4536 ἀλήτης
1102 4465 1184 4534 τῆσδε
1201 4467 1253 4534 γῆς
1272 4461 1403 4526 ductaret

868 4556 921 4616 ζῶν
939 4549 984 4606 καὶ
1004 4549 1142 4620 τεθνηκώς
1158 4550 1243 4606 τάσδε
1261 4549 1393 4618 κληδόνας
1411 4550 1504 4606 λιπών.

771 4639 849 4694 Eum.
869 4628 887 4709 ἤ
905 4641 990 4692 πολλα
1008 4640 1043 4708 δή
1061 4641 1189 4692 παθοῦσα
1207 4639 1251 4693 καὶ
1271 4640 1362 4710 μάτην
1380 4639 1443 4710 ἐγώ.

385 4729 420 4796 ιι)
439 4725 490 4782 aaa
508 4711 530 4779 c
547 4727 635 4798 persp
654 4725 715 4786 nra
751 4727 786 4781 cr.
803 4726 864 4784 uc.
883 4726 942 4782 745.
962 4727 1020 4782 rea
1038 4727 1097 4781 aas.
1116 4725 1192 4782 rosa

382 4815 418 4880 aa)
438 4811 506 4868 Eius
524 4811 670 4882 anapaesti
693 4811 744 4866 hos
766 4811 863 4866 notavi
887 4811 961 4866 locos
984 4811 1092 4866 omissis
1115 4811 1276 4868 nominibus
1294 4811 1426 4882 propriis:
1450 4813 1539 4868 Prom.
1559 4815 1583 4869 6.
1601 4814 1643 4870 64.
1662 4815 1721 4868 363.
1739 4814 1799 4867 366.
1817 4811 1876 4868 368.
1896 4812 1954 4870 791.
1974 4813 2031 4868 799.
2051 4813 2115 4872 796.

278 4899 338 4956 994.
373 4900 449 4970 Sept.
472 4901 530 4955 268.
553 4899 622 4954 471?
643 4899 715 4954 495?
737 4899 811 4954 1010.
852 4899 925 4953 Pers.
950 4900 1006 4954 184.
1031 4899 1089 4956 343.
1108 4899 1177 4954 808?
1214 4899 1303 4970 Agum
1326 4901 1368 4954 28.
1390 4899 1432 4954 30.
1456 4898 1515 4954 337.
1539 4900 1598 4954 004.
1621 4899 1680 4954 509.
1704 4899 1762 4954 096.
1789 4899 1862 4952 1267.
1903 4897 2025 4968 Choeph.
2048 4901 2114 4956 ⁸275.
