4562 5684
962 363 1166 471 Aa„

562 593 611 656 75.
646 587 744 656 ἐλῶσι
767 586 827 676 γάρ
850 611 886 656 σε
908 589 964 660 καὶ
988 592 1030 658 δι’
1054 585 1194 681 ἠπείρου
1218 591 1350 679 μακρᾶσ

645 693 779 779 βιβῶντ’
803 687 842 758 dr
866 691 933 760 αίεί
955 691 1014 784 τὴν
1036 695 1241 783 πλανοστιβῆ
1262 689 1369 777 χθόνα
1456 690 1462 699 ’

562 801 611 862 77.
647 791 729 882 ίιπίρ
752 819 787 862 τε
809 791 932 864 πόντου
954 796 1011 864 καί
1034 797 1233 886 περιρρίτασ
1255 793 1383 864 πόλεισ.

255 917 363 983 Altius
387 919 590 1004 corruptelae
620 938 725 1004 genus
748 919 781 984 in
804 919 919 984 horum
944 939 1092 985 versuum
1116 921 1220 985 altero
1243 920 1339 998 latet,
1375 939 1472 1004 quern
1496 916 1684 1006 Dindorhus
1707 919 1797 982 tanto
1820 913 1921 982 habet
1944 915 1975 980 in

147 1026 345 1108 contemptu,
368 1026 405 1086 ut
427 1042 491 1086 non
515 1021 610 1086 modo
633 1023 723 1085 uncis
740 1021 895 1102 includat,
920 1019 977 1089 sed
998 1022 1097 1088 etiam
1113 1023 1257 1088 omnium
1271 1021 1413 1087 ludibrio
1429 1017 1655 1106 proponam),
1678 1037 1742 1104 qua
1758 1039 1792 1084 re
1808 1019 1974 1082 neminem

149 1123 341 1209 prudentem
366 1121 523 1222 deterreri
547 1145 642 1210 posse
666 1145 773 1211 spero,
798 1125 969 1210 quominus
993 1123 1115 1190 infelici
1138 1123 1186 1189 illi
1210 1127 1319 1190 versui
1342 1145 1438 1210 quarn
1462 1125 1637 1188 maximam
1654 1122 1758 1209 possit
1772 1139 1866 1209 opem
1882 1121 1975 1187 ferat.

147 1226 281 1310 βεβῶιτ’
305 1227 404 1312 igitur
426 1231 458 1291 et
482 1228 588 1314 ipsum
612 1227 692 1292 nihil
715 1234 765 1292 est
787 1249 894 1315 neque
912 1235 946 1294 N
966 1229 1074 1294 littera
1096 1229 1234 1308 sublata,
1258 1233 1294 1292 ut
1311 1228 1458 1314 plerique
1480 1225 1690 1312 scripserunt,
1714 1229 1823 1312 aptam
1840 1222 1977 1310 praebet
2031 1213 2034 1222 ’

148 1329 357 1412 sententiam,
382 1351 456 1395 curn
479 1349 573 1395 nemo
595 1329 702 1417 possit
725 1331 908 1413 ostendere,
933 1353 1016 1418 quae
1040 1333 1082 1397 sit
1105 1333 1159 1397 hio
1182 1331 1320 1418 perlecti
1343 1333 1435 1394 ratio.
1480 1328 1624 1409 Accedit,
1648 1327 1732 1413 quod
1749 1325 1872 1414 βέβαια
1888 1325 1976 1391 haud

149 1455 221 1498 raro
253 1435 448 1500 contrariam
478 1455 611 1520 prorsus
641 1433 850 1500 necessariae
880 1435 1045 1520 notionem
1069 1435 1183 1514 habet,
1216 1439 1251 1499 ut
1282 1433 1324 1498 sit
1348 1432 1505 1513 ‘constiti,
1540 1429 1670 1497 consto'.
1715 1429 1854 1495 Rectius
1878 1429 1977 1515 igitur

147 1535 356 1602 Hermannus
380 1536 481 1602 edidit
502 1535 634 1623 βιβῶντ’
658 1538 839 1604 derivatum
862 1559 883 1602 a
903 1537 1020 1623 βιβᾶν,
1045 1539 1095 1602 cui
1119 1535 1291 1626 adscripsit
1314 1541 1390 1602 ‘nou
1414 1535 1523 1602 obstat
1545 1534 1630 1620 quod
1652 1534 1751 1618 βιβᾶν
1773 1533 1807 1598 in
1830 1533 1871 1597 iis
1895 1537 1976 1618 qiras

148 1639 309 1705 habemus
332 1641 529 1728 tragicorum
552 1639 671 1706 fabulis
695 1662 759 1706 non
783 1641 956 1707 invenitur.
995 1641 1107 1706 Utitur
1129 1661 1168 1706 co
1193 1641 1291 1705 uerbo
1315 1641 1446 1726 praeter
1469 1639 1578 1725 epicos
1594 1635 1776 1702 Pindarus'.
1822 1635 1869 1701 At
1891 1655 1976 1722 quae

148 1747 319 1828 praeterea
341 1745 477 1810 mutavit
500 1743 721 1826 Hermannus,
749 1765 821 1810 cum
845 1763 902 1830 pro
926 1737 964 1809 ίὶν
987 1739 1052 1809 aiei
1078 1743 1238 1809 scriberet
1261 1735 1309 1807 ἀν’
1334 1735 1397 1821 oiri,
1421 1761 1527 1828 neque
1550 1759 1678 1805 omnem
1701 1740 1821 1804 tollunt
1843 1737 1975 1804 dubita-

147 1846 266 1911 tionem
302 1869 409 1932 neque
439 1853 476 1912 ut
507 1847 637 1934 placeat
666 1849 829 1913 sententia
858 1847 1013 1913 efficiunt.
1059 1847 1121 1912 Est
1143 1847 1229 1912 enim
1253 1846 1352 1910 etiam
1380 1845 1412 1909 in
1436 1865 1517 1909 voce
1541 1837 1608 1909 ciel
1632 1843 1785 1922 offensio,
1820 1861 1917 1926 quarn
1940 1845 1976 1905 ut

146 1949 294 2013 levarent
322 1951 378 2014 alii
407 1951 609 2035 scripserunt
631 1942 761 2030 ἀλατεί,
796 1941 919 2031 ἆνανεί,
954 1937 1082 2031 ἇνατεί;
1116 1971 1200 2037 quae
1225 1957 1411 2015 commenta
1434 1949 1583 2013 attulisse
1607 1947 1687 2011 satis
1711 1946 1783 2011 crit.
1829 1945 1974 2010 Primum

146 2057 256 2116 autem
279 2050 413 2136 βεβῶντ’
436 2053 552 2116 fortius
581 2052 674 2116 nobis
704 2052 893 2118 tentandum
919 2058 985 2134 est,
1019 2073 1115 2139 quam
1139 2055 1180 2118 ab
1203 2051 1416 2119 Hermannno
1440 2053 1560 2116 factum
1585 2056 1644 2116 est.
1691 2047 1856 2135 Suspicari
1878 2047 1976 2134 igitur

146 2153 245 2220 liceat
267 2156 451 2240 profectum
475 2153 553 2218 illud
571 2175 643 2218 esse
660 2175 702 2220 ex
722 2155 870 2240 περῶνδ,
894 2156 1042 2242 quamvis
1059 2153 1218 2222 dissimile
1235 2157 1266 2220 ei
1282 2158 1385 2242 primo
1403 2153 1534 2241 quidem
1551 2155 1709 2240 adspectu
1725 2173 1800 2218 esse
1816 2149 1975 2216 videatur.

146 2257 191 2320 At
213 2255 301 2341 quod
331 2257 461 2322 litterae
488 2257 690 2322 maiusculae
712 2257 740 2322 B
765 2265 799 2323 et
820 2257 848 2323 P
871 2266 948 2324 sunt
975 2261 1061 2325 inter
1088 2278 1127 2324 se·
1152 2257 1294 2340 similas,
1328 2278 1401 2322 cum
1425 2259 1528 2324 semel
1551 2257 1676 2324 librarii
1699 2276 1810 2348 errore
1834 2252 1974 2338 πεβιλνδ

146 2381 204 2445 pro
227 2357 366 2444 περιῦντ’
391 2361 547 2446 scriptum
565 2365 644 2440 erat,
668 2360 764 2426 facile
780 2363 850 2426 lieri
866 2357 983 2449 potuit,
1006 2369 1042 2426 ut
1057 2369 1175 2449 postea
1190 2363 1231 2428 ab
1247 2363 1311 2427 alio
1329 2362 1369 2427 ad
1388 2361 1630 2427 similitudinem
1647 2358 1809 2444 quandam
1827 2357 1974 2424 Graecae

146 2463 234 2527 vocis
256 2450 459 2546 redigeretur
481 2461 652 2528 scribendo
676 2463 821 2546 βεβιῢνδ.
862 2464 990 2530 Deinde
1009 2466 1139 2531 litterae
1164 2489 1203 2531 αν
1219 2489 1284 2532 αιει
1308 2467 1355 2530 sic
1378 2465 1528 2552 legantur
1552 2461 1687 2544 suadeo,
1710 2469 1747 2527 ut
1763 2463 1827 2528 sint
1842 2449 1865 2524 ἃ
1880 2455 1974 2526 ναίει.

144 2564 262 2629 Restat
283 2566 392 2650 igitur,
415 2571 452 2628 ut
474 2565 515 2631 de
539 2566 693 2652 neglecta
716 2567 749 2631 in
770 2587 851 2632 voce
874 2566 1011 2653 περῶντ’
1028 2569 1228 2654 aspiratione
1252 2569 1330 2656 quid
1353 2590 1506 2634 censeam
1523 2568 1697 2634 declarem.
1732 2565 1777 2630 Et
1792 2567 1974 2652 opportune

144 2667 279 2749 accidit,
315 2668 401 2754 quod
434 2671 519 2735 infra
540 2691 589 2738 vs.
612 2671 684 2734 271.
708 2671 815 2736 codex
837 2671 881 2736 M.
916 2679 950 2736 et
982 2693 1094 2740 omnes
1126 2673 1306 2760 apographi
1334 2673 1491 2738 exhibent
1513 2667 1614 2754 ilyovr’
1638 2665 1788 2744 haector,
1822 2667 1863 2733 ad
1891 2688 1974 2754 quae

144 2771 229 2836 liber
251 2771 472 2838 Farnesienus
501 2773 617 2838 adicit:
651 2765 821 2842 'leuata
853 2775 979 2839 Scimus
1008 2783 1118 2841 autem
1141 2777 1342 2863 Aeschylum
1371 2777 1490 2841 multas
1520 2795 1698 2861 usurpasse
1721 2772 1850 2838 Ionicae
1874 2791 1974 2837 voces

142 2880 176 2939 ot
205 2875 343 2954 formas,
376 2895 459 2961 quae
488 2882 603 2964 postea
630 2883 706 2942 suut
730 2877 872 2944 deletae.
917 2877 984 2943 Sed
1008 2879 1165 2964 reliquiae
1189 2879 1367 2964 quaedam,
1401 2885 1437 2944 ut
1464 2880 1500 2943 fit
1521 2880 1592 2944 lere
1620 2879 1653 2942 in
1677 2873 1836 2942 eiusmodi
1860 2875 1972 2954 rebus,

142 2985 383 3058 remanserunt,
418 2999 553 3064 quarum
586 2997 721 3045 numero
749 2987 786 3045 ut
814 2980 876 3046 hoc
898 2977 999 3063 ἔχοντ’
1023 2975 1159 3049 ἕκαστον
1189 2983 1329 3048 et-illud
1352 2977 1465 3062 ἐλαίας
1488 2983 1532 3067 (v.
1550 2982 1605 3067 43)
1624 3017 1663 3028 -
1686 3000 1769 3066 quae
1793 2985 1844 3045 est
1867 2976 1975 3043 media

142 3082 249 3146 forma
271 3083 493 3148 interiorum
516 3079 609 3171 c'tciq
633 3089 667 3149 et
688 3085 874 3151 Atticorum
888 3080 969 3151 ε’λιία
987 3123 1025 3133 —-
1042 3086 1088 3152 sio
1104 3093 1249 3168 nostrum
1266 3087 1404 3174 περῶντ’
1425 3077 1448 3152 ἃ
1463 3086 1649 3152 adscribere
1665 3105 1730 3151 nou
1746 3081 1974 3149 dubitaverim.

143 3185 259 3270 Neque
289 3186 373 3250 hanc
406 3187 599 3272 scripturam
631 3189 780 3256 attulisse
811 3188 932 3272 aliquid
962 3188 1004 3252 ad
1032 3191 1305 3277 corrumpendum
1334 3199 1480 3256 nostrum
1510 3177 1617 3255 locum
1641 3187 1709 3254 veri
1732 3193 1783 3252 eat
1805 3183 1973 3250 dissimile.

143 3287 222 3353 Alia
245 3289 316 3354 eius
341 3289 388 3354 rei
411 3291 565 3378 exempla
587 3291 670 3356 inira
692 3291 886 3359 videbimus.
930 3290 1000 3357 Iarn
1023 3313 1112 3373 vero,
1135 3294 1161 3358 si
1186 3294 1344 3380 legimus:

628 3483 631 3491 ¹
671 3411 838 3496 rrepoivil’
862 3401 886 3476 b*
907 3409 1011 3479 ναίει
1034 3408 1093 3501 τὴν
1115 3415 1320 3503 πλανοστιβῆ
1343 3407 1449 3497 χθόνα

143 3533 191 3594 sic
215 3530 442 3616 explicandum
467 3551 540 3596 esse
565 3532 705 3596 videtur:
739 3534 920 3618 ‘agitabunt
943 3535 1028 3601 enim
1051 3541 1084 3602 te
1106 3543 1142 3602 et
1164 3557 1223 3623 per
1247 3537 1468 3602 continentem
1492 3537 1608 3613 latam,
1644 3535 1867 3621 permeantem
1891 3549 1973 3616 quae

145 3632 296 3698 habitant
330 3639 449 3698 terram
482 3633 566 3718 (scil.
591 3635 825 3721 continentem)
854 3655 936 3722 vago
970 3637 1054 3724 pede
1086 3645 1309 3725 peragratam,
1344 3643 1378 3703 et
1406 3659 1509 3724 super·
1531 3657 1620 3701 mare
1644 3641 1742 3722 atqua
1766 3631 1853 3720 (per)
1877 3631 1974 3696 urbes

146 3735 331 3802 insulares’.
377 3736 577 3822 Aeschylum
602 3744 711 3802 autem
735 3727 759 3801 ii
780 3733 864 3804 ναίει
888 3741 1055 3826 scripsisse
1080 3741 1192 3821 credo,
1220 3749 1256 3805 ut
1279 3762 1343 3806 una
1366 3741 1498 3806 notione
1522 3745 1555 3804 et
1577 3739 1726 3804 homines
1750 3741 1783 3803 et
1805 3737 1973 3802 hominum

143 3839 311 3904 domicilia
335 3840 581 3926 complectatur,
605 3841 699 3926 quasi
723 3839 844 3907 dixerit
867 3845 1101 3929 ‘permeantem
1125 3844 1230 3908 cultas
1252 3844 1449 3909 continentis
1473 3843 1639 3928 regiones,
1663 3861 1873 3928 quascunque
1897 3837 1974 3904 exul

144 3965 248 4030 vagus
272 3943 361 4022 adit',
384 3950 481 4029 atque
505 3953 649 4032 opponat
672 3968 712 4012 ea
735 3947 864 4033 oppidis
887 3947 1096 4016 insularibus.
1134 3947 1209 4012 Non
1232 3949 1317 4012 euim
1341 3969 1398 4034 per
1421 3946 1552 4012 deserta
1576 3953 1609 4012 et
1631 3946 1755 4010 inculta
1771 3945 1844 4008 loca
1860 3961 1972 4008 erran-

143 4049 221 4112 dum
245 4053 316 4112 erat
338 4045 457 4128 Oresti,
482 4049 515 4112 id
538 4048 625 4134 quod
649 4055 682 4114 et
703 4050 778 4136 ipsa
800 4069 853 4116 res
877 4051 994 4116 suadet
1017 4058 1050 4118 et
1072 4073 1171 4137 supra
1194 4049 1377 4116 audirimus
1401 4051 1442 4115 ab
1466 4051 1548 4137 ipsc.
1593 4049 1639 4112 At
1661 4069 1702 4114 ne
1726 4046 1801 4132 quid
1826 4046 1972 4110 omisisse

143 4150 268 4229 videar,
292 4150 352 4214 hoc
375 4149 503 4232 addam,
525 4157 697 4236 utramque
715 4173 838 4232 vocenr,
861 4154 965 4237 περᾶν
988 4159 1021 4218 et
1044 4149 1154 4234 ναίειν,
1179 4154 1345 4238 Aeschylo
1369 4175 1443 4219 esse
1467 4153 1622 4216 usitatam
1638 4159 1672 4216 et
1687 4151 1859 4216 coniuncta
1875 4149 1973 4214 etiam

143 4259 276 4318 exstare
299 4252 387 4338 apud
411 4273 484 4317 eum
508 4249 610 4319 ναίειν
631 4248 795 4338 χθόναλῑ).
835 4257 988 4321 Proximo
1004 4255 1145 4341 denique
1163 4277 1259 4322 versu
1282 4257 1402 4322 codicis
1425 4251 1548 4322 πόντου
1565 4277 1638 4321 cum
1655 4255 1820 4342 plerisque
1840 4251 1972 4317 editori-

144 4358 207 4422 bus
238 4356 271 4421 in
301 4350 423 4422 πόντον
449 4349 640 4422 mutandum
668 4379 741 4424 esse
764 4366 857 4444 puto,
887 4358 972 4444 quod
996 4361 1128 4424 minoris
1152 4365 1203 4426 est
1226 4361 1349 4448 negotii
1371 4379 1468 4445 quam
1484 4357 1662 4426 Wieseleri
1685 4355 1769 4442 ὑπέρ
1790 4379 1827 4422 τε
1849 4349 1972 4424 πόντου

143 4453 231 4524 κατὰ
254 4453 451 4544 περιρρύτας
472 4453 597 4540 πόλεις.

144 4697 260 4754 Εααιεα.
277 4701 319 4754 92.
336 4699 398 4754 474.
415 4700 474 4755 577.
516 4701 548 4754 In
571 4700 668 4771 Suppl.
687 4699 802 4756 nullum
818 4702 937 4772 repperi.
972 4700 1026 4755 Ubi
1049 4701 1161 4770 signum
1180 4697 1408 4773 interrogationis
1431 4703 1524 4773 posui,
1553 4702 1587 4755 de
1610 4700 1728 4770 syninaai
1751 4699 1837 4755 etiam
1855 4697 1972 4768 cogitari

144 4788 239 4854 potest
257 4785 388 4853 (πόλεως).
425 4786 464 4840 De
482 4786 562 4842 varia
579 4791 645 4841 ante
662 4790 769 4842 mutam
788 4790 817 4842 et
834 4787 971 4858 liquidam
990 4787 1066 4857 apud
1086 4787 1253 4857 Aeschylum
1273 4790 1435 4858 quantitate
1455 4790 1487 4844 cf.
1506 4788 1590 4843 etiarn
1610 4787 1706 4842 adnot.
1724 4789 1766 4842 56.

249 4873 284 4940 ιο)
303 4873 389 4941 praef.
408 4891 435 4942 p.
448 4871 517 4928 cxl.
725 4873 851 4927 κνώδαλα
867 4875 1020 4944 πτεροῦντα
1037 4873 1082 4928 καί
1101 4874 1256 4945 πεδοστιβῆ,

724 4961 816 5028 βεβῶτ’
836 4958 878 5014 τίν’
897 4957 938 5016 ἀεί
956 4961 1007 5030 τήν
1024 4961 1191 5032 πλανοστιβῆ
1205 4961 1305 5031 χθόνα.

248 5045 283 5113 ιι)
303 5044 379 5114 Sept.
398 5045 456 5101 l‘dl.
474 5045 566 5115 χθόνα
585 5045 673 5101 ναίει-ν
690 5047 829 5118 διαπήλας,
