4602 5640
1103 335 1260 428 .-6-

261 567 364 626 totam
388 559 532 624 fabulam
557 558 622 622 sint
644 557 795 642 dispersa
822 563 856 620 ct
879 575 919 621 ee
941 558 1012 642 ipsa
1041 577 1076 620 rc
1100 555 1264 640 legitimas
1288 550 1476 636 tragoediae
1504 549 1696 637 partitiones
1720 549 1874 615 efficiant.
1921 547 1982 614 Est
2005 549 2090 614 enirn

261 663 435 750 tragoedia
458 663 543 728 actio
567 662 619 726 vel
644 661 781 724 imitatio
806 661 961 734 aetionis;
992 658 1092 722 dividi
1126 658 1224 742 igitur
1256 656 1407 740 nequitur
1437 655 1501 718 nisi
1525 653 1573 718 eis
1597 653 1801 740 interpositis
1824 655 1983 740 partibus,
2007 673 2091 737 quae

260 769 425 834 actionem
449 787 512 832 non
534 764 721 829 exhibeant.
766 763 846 828 Eius
870 764 957 828 modi
982 771 1093 828 autem
1118 768 1193 828 srrnt
1216 761 1284 825 sola
1309 761 1411 825 solius
1436 759 1524 824 chori
1549 759 1703 822 continua
1724 758 1869 822 carmina
1885 752 1961 841 (ὅλα
1976 755 2091 840 poposci

261 869 373 958 μέλη),·
397 891 436 936 ec
459 891 552 947 vero,
576 868 693 953 quibus
719 869 856 931 immixti
880 875 955 931 sunt
979 867 1172 932 histrionum
1195 885 1326 944 versus,
1351 863 1470 948 dialogi
1499 863 1605 948 potius
1629 863 1771 948 speeiem
1803 861 1963 948 praebent
1984 881 2092 946 neque

262 977 505 1060 interrumpunt
527 974 701 1050 actionem,
724 970 783 1035 sed
806 971 1008 1036 continuant.
1054 970 1142 1034 Hine
1165 970 1301 1034 alteram
1327 968 1425 1032 etiam
1450 965 1609 1032 hebemus
1627 967 1797 1040 rationein,
1822 987 1880 1031 eur
1897 965 2093 1032 Aristotelea

262 1078 413 1156 choriois,
443 1097 527 1162 quae
562 1078 628 1140 sint
661 1079 835 1160 separatae
865 1073 1055 1160 tragoediae
1091 1079 1218 1159 partes,
1251 1070 1409 1157 paredum
1439 1075 1565 1136 tantum
1597 1069 1808 1157 adscripserit
1844 1077 1878 1134 ct
1907 1070 2092 1145 stasimum3

263 1183 372 1248 omnia
395 1182 459 1246 alia
482 1181 568 1245 enim
592 1171 629 1243 οὗ
652 1178 774 1262 διαιρεῖ
795 1173 853 1265 τὴν
878 1173 1060 1264 τραγῳδίαν
1082 1177 1223 1262 ideoque
1246 1176 1319 1260 ipsa
1343 1195 1407 1238 non
1432 1179 1508 1239 sunt
1529 1170 1759 1258 κεχωρισμένα.

369 1285 463 1360 Quod
487 1291 597 1349 autem
620 1281 711 1346 addit
734 1282 933 1346 Aristoteles
948 1282 1081 1366 χορικοῦ
1102 1277 1138 1343 δὲ
1154 1274 1302 1366 πάροδος
1323 1276 1382 1361 μέν
1404 1301 1432 1343 a.
1449 1302 1476 1344 ι.
1493 1261 1521 1342 λ.
1546 1277 1788 1342 diversissimas
1804 1278 2093 1363 interpretatorum

263 1391 445 1456 sententias
469 1389 597 1465 elicuit,
627 1407 707 1472 quas
739 1386 870 1470 longum
904 1393 955 1450 est
985 1389 1193 1450 enumeratas
1219 1404 1402 1449 recensere.
1447 1381 1496 1446 Ae
1520 1382 1658 1467 primum
1682 1402 1742 1445 eur
1763 1379 1921 1466 paredum
1954 1381 2008 1446 hie
2030 1400 2093 1444 non

262 1491 360 1578 μέλος
382 1493 437 1557 sed
461 1489 547 1570 λέξιν
569 1489 796 1576 appellaverit,
822 1497 911 1554 recte
935 1489 1147 1554 Hermaunus
1172 1509 1248 1552 eum
1272 1485 1416 1551 ostendit
1440 1485 1523 1550 hane
1548 1483 1589 1548 ob
1614 1506 1683 1550 rem
1699 1485 1830 1563 fecisse,
1853 1486 1930 1569 quia
1952 1483 2094 1570 paredus

263 1597 425 1662 interdum
448 1594 646 1660 intermixtis
671 1593 869 1679 anapaestis,
894 1591 949 1676 qui
974 1594 1045 1656 sine
1070 1597 1168 1656 cantu
1184 1591 1416 1667 recitabantur,
1440 1595 1625 1674 temperata
1647 1593 1728 1666 erat,
1752 1589 1862 1674 itaque
1887 1609 1950 1652 non
1973 1589 2094 1673 ubique

264 1701 334 1766 solo
359 1705 456 1766 cantu
481 1698 722 1764 absolvebatur.
767 1695 884 1780 Neque
913 1716 988 1760 vero
1024 1695 1110 1780 quod
1145 1715 1244 1780 supra
1273 1693 1432 1780 paredum
1466 1693 1500 1756 iu
1530 1693 1692 1757 continuis
1722 1692 1811 1758 chori
1833 1689 1965 1778 μέλεσιν
1986 1692 2096 1779 posuit

263 1802 474 1870 Aristoteles.
509 1805 541 1867 in
579 1807 671 1866 tanta
705 1799 835 1865 dicendi
870 1800 1030 1864 brevitate
1062 1778 1112 1860 cst
1142 1797 1273 1869 mirum;
1304 1796 1349 1862 ibi
1382 1795 1467 1859 enim
1501 1795 1541 1860 ad
1570 1797 1701 1872 stasima
1726 1797 1931 1882 potissimum
1957 1801 2095 1884 spectat.

264 1905 442 1972 Praeterea
464 1905 607 1992 paredus
630 1904 750 1989 ubique
779 1909 829 1968 cst
855 1897 930 1968 ὅλον
952 1896 1082 1986 χορικόν
1110 1925 1156 1980 τι,
1187 1901 1310 1986 ubique
1337 1897 1417 1986 μέλη
1449 1894 1564 1984 popt-sol
1588 1901 1733 1974 eontinet
1757 1905 1791 1965 et
1814 1922 1931 1988 saepe,
1955 1901 2095 1998 fortasse

263 2012 467 2098 plerumque,
495 2009 575 2075 nihil
607 2015 658 2074 est
687 2009 751 2072 nisi
781 2003 857 2073 ὅλον
884 2001 1015 2092 χορικόν
1036 2004 1143 2089 μέλις.
1189 2005 1227 2069 In
1251 2025 1291 2070 ea
1313 2011 1423 2071 autem
1447 2025 1481 2068 re
1505 2025 1569 2068 non
1594 2005 1756 2069 assentior
1778 2004 1986 2086 Hermanno,
2009 2005 2096 2090 quod

266 2121 465 2200 anapaestos
488 2113 559 2178 illos
582 2113 713 2199 parodis
736 2113 903 2176 immixtos
929 2149 967 2157 -
993 2131 1057 2175 non
1081 2110 1123 2174 de
1146 2111 1185 2175 iis
1210 2108 1299 2190 dico,
1323 2110 1378 2195 qui
1402 2108 1602 2195 praecedunt
1625 2129 1726 2194 saepe
1750 2107 1891 2196 parodos
1916 2145 1956 2158 -
1980 2131 2000 2174 a
2024 2109 2095 2174 solo

265 2218 451 2304 coryphaec
474 2217 628 2282 recitatos
652 2237 728 2282 essa
745 2215 902 2293 affirmat3
925 2217 972 2278 ita
996 2215 1081 2279 enim
1100 2215 1296 2280 Aristoteles
1313 2212 1472 2299 paredum
1488 2210 1575 2292 λέξιν
1591 2207 1668 2277 ὅλοιν
1689 2213 1786 2297 χοροῦ
1810 2213 1830 2277 i.
1848 2235 1877 2278 e.
1902 2233 2096 2292 sermonem,
2155 2249 2158 2259 ·

264 2329 301 2406 ut
322 2322 369 2386 ita
387 2319 509 2402 dicam,
534 2341 554 2384 a
577 2327 644 2383 toto
668 2319 768 2382 choro
796 2318 892 2381 simul
921 2319 1170 2403 pronunciatum
1201 2315 1311 2382 dicere
1341 2337 1406 2381 uon
1436 2321 1574 2402 poterat.
1619 2313 1739 2381 Totum
1762 2317 1849 2382 enim
1874 2317 2008 2383 chorum
2031 2339 2097 2382 une

266 2445 345 2490 voce
369 2422 526 2510 paredum
551 2421 710 2486 cecinisse
738 2421 791 2484 vel
815 2422 974 2486 recitasse
1005 2429 1038 2485 et
1067 2421 1136 2506 ipsa
1163 2443 1217 2486 res
1248 2429 1280 2485 ct
1304 2419 1490 2485 Aristotelis
1520 2419 1621 2484 verba
1644 2419 1795 2485 videntur
1823 2442 1966 2486 monere.
2011 2421 2097 2486 Nam

265 2529 292 2593 si
315 2526 456 2613 paredus
481 2520 594 2610 πρώτη
618 2519 694 2590 ὅλου
716 2525 815 2608 χοροῦ
836 2521 923 2603 λέξις
945 2525 1073 2604 dicitur,
1097 2545 1168 2589 eam
1193 2525 1277 2588 aliae
1300 2524 1399 2608 χοροῦ
1421 2520 1524 2602 λέξεις
1545 2523 1745 2608 praecedere
1769 2525 1936 2609 potuerint
1958 2546 2097 2592 neeesse

266 2637 327 2711 est,
351 2651 431 2716 quas
455 2648 521 2692 non
543 2622 618 2706 ὅλος
640 2621 734 2712 χορός
757 2627 992 2714 pronuntiaret.
1037 2627 1209 2692 Eiusmodi
1232 2627 1363 2692 choriea
1386 2625 1483 2691 facile
1508 2627 1625 2692 commi
1649 2626 1696 2690 illi
1719 2625 1893 2693 videantur
1921 2649 2010 2705 esse,
2044 2630 2098 2714 qui

265 2735 352 2804 inter
376 2733 510 2800 chorum
534 2738 568 2798 et
592 2733 769 2798 histriones
794 2739 945 2817 aguntur.
991 2732 1036 2796 At
1059 2731 1099 2797 de
1121 2732 1173 2798 his
1197 2732 1334 2818 nequis
1358 2731 1519 2816 cogitaret
1543 2729 1740 2795 Aristoteles
1771 2732 1804 2796 in
1827 2753 1868 2798 ea
1891 2754 1988 2818 quam
2011 2733 2097 2820 legi-

266 2859 338 2903 mus
361 2835 473 2922 parodi
498 2835 687 2900 delinitione
710 2855 842 2900 monere
874 2855 938 2901 uon
963 2842 1106 2922 poterat,
1130 2855 1237 2920 neque
1260 2856 1342 2922 opus
1367 2836 1397 2900 ei
1423 2840 1507 2900 erat:
1539 2854 1601 2898 non
1626 2840 1770 2918 poterat,
1794 2837 1869 2920 quic
1893 2845 1969 2902 sunt
1991 2838 2024 2902 in
2047 2837 2097 2918 iis,

266 2961 349 3026 quae
374 2935 449 3019 ὅλος
470 2933 566 3024 χορός
589 2945 699 3002 cantet
710 2939 751 3020 ὓ);
774 2960 839 3003 non
863 2959 946 3025 opus
970 2947 1050 3016 erat,
1074 2941 1150 3027 quia
1172 2938 1333 3027 paredum
1357 2959 1430 3004 esee
1454 2933 1529 3004 ὅλον
1551 2933 1681 3023 χορικόν
1697 2963 1729 3003 ιι
1752 2940 1816 3004 iam
1834 2961 1934 3028 supra
1950 2941 2098 3028 quamvis

268 3065 332 3109 non
358 3044 524 3130 expressis
548 3041 659 3107 verbis
684 3040 805 3106 dictum
829 3049 910 3108 erat.
958 3041 1055 3108 Certe
1080 3044 1108 3108 si
1132 3043 1290 3130 paredum
1313 3041 1404 3107 hisee
1427 3043 1560 3108 commis
1583 3061 1749 3128 opponere
1774 3044 1949 3125 voluisset,
1977 3045 2098 3110 rectius

267 3142 371 3230 μόνου
399 3145 498 3230 χοροῦ
524 3143 625 3224 λέξιν,
658 3165 722 3209 ιιοιι
756 3140 833 3210 ὅλον
864 3166 936 3210 eam
966 3145 1114 3212 dixisset.
1169 3145 1236 3210 Sed
1264 3167 1347 3232 quae
1378 3145 1510 3212 tandem
1541 3145 1631 3210 chori
1662 3147 1807 3212 earmina
1829 3147 2043 3213 Aristotelem
2065 3149 2100 3212 in

268 3251 375 3316 animo
398 3250 554 3315 habuisse
578 3249 738 3330 dicamus,
768 3269 841 3314 oum
869 3251 1078 3316 stasimorum
1106 3257 1139 3314 et
1162 3271 1377 3331 commotum,
1409 3250 1464 3335 qui
1488 3245 1619 3336 quidem
1644 3249 1709 3314 sint
1733 3250 1926 3316 histrionum
1950 3259 1984 3316 et
2007 3249 2099 3315 chori

268 3374 472 3433 communes,
501 3353 593 3418 nulla
622 3355 664 3418 sit
695 3353 799 3418 ratio?
844 3351 913 3418 Nos
942 3358 1053 3418 autem
1088 3353 1153 3418 alia
1188 3353 1318 3418 omniuo
1354 3374 1420 3417 ιιοιι
1450 3354 1598 3418 novimus
1629 3373 1725 3438 quam
1753 3375 1793 3420 ea
1823 3375 1907 3440 quae
1936 3360 2100 3420 nostrates

269 3457 380 3522 lerunt
401 3451 605 3540 supportari,
629 3457 649 3519 i.
674 3477 701 3521 e.
726 3455 886 3536 carmine,
910 3475 993 3541 quae
1019 3477 1037 3520 a
1060 3463 1130 3522 toto
1153 3456 1286 3542 quidem
1309 3457 1424 3538 choro,
1447 3456 1590 3522 sednon
1616 3457 1658 3522 ab
1682 3459 1831 3524 omnibus
1855 3479 1919 3524 una
1942 3457 2099 3524 decanta·

267 3561 396 3626 bantur.
442 3559 492 3625 Ea
514 3559 614 3644 igitur
636 3561 735 3624 etiam
759 3560 931 3625 Aristoteli
954 3561 1084 3646 cognita
1107 3559 1209 3626 fuisse
1234 3561 1392 3626 credibile
1416 3567 1484 3640 est,
1509 3567 1543 3626 et
1564 3561 1682 3626 mirum
1706 3569 1813 3643 esset,
1844 3563 1871 3627 si
1894 3563 1994 3650 plane
2018 3561 2100 3627 omi-

269 3667 367 3730 sisset
390 3665 422 3728 in
445 3662 617 3749 partienda
640 3661 826 3749 tragoedia:
850 3663 1061 3749 quamobrem
1084 3664 1118 3728 in
1142 3664 1203 3728 hoc
1227 3664 1297 3750 ipso
1324 3665 1432 3751 eapite
1456 3667 1705 3730 commemorari
1735 3666 1791 3732 illa
1821 3667 1936 3754 opinor
1963 3667 2100 3731 ethaeo

268 3769 382 3854 verbe:
412 3767 546 3854 χορικοῦ
573 3803 606 3813 -
634 3761 761 3850 κόμμος
783 3769 906 3855 θρῆνος
928 3763 1038 3846 κοινὸς
1066 3769 1178 3852 χοροῦ,
1208 3765 1265 3832 καὶ
1289 3759 1359 3833 ἀπὸ
1383 3767 1501 3856 σκηνῆς
1530 3769 1576 3833 ita
1604 3769 1816 3856 interpretor:
1846 3792 1864 3836 e
1896 3769 2034 3836 choricis
2058 3807 2098 3817 -

268 3893 414 3936 commus
430 3871 621 3937 lamentatio
638 3871 729 3936 chori
746 3873 938 3950 eommunis,
963 3878 996 3936 et
1018 3871 1210 3956 (interdum)
1235 3893 1254 3935 a
1278 3891 1411 3948 scaeua3
1436 3876 1468 3937 et
1491 3874 1604 3938 neseio
1628 3893 1669 3935 an
1685 3871 1860 3938 Bekkerus
1877 3875 2005 3960 virgula
2027 3881 2102 3960 post

267 3975 365 4062 χοροῦ
396 3975 504 4062 posita
527 3974 685 4040 eiusmodi
717 3974 793 4061 quid
824 3974 1000 4059 significari
1030 3975 1180 4040 volucrit.
1237 3976 1318 4060 Agit
1353 3977 1438 4040 enim
1467 3975 1661 4041 Aristoteles
1696 3975 1843 4061 inprimis
1872 3976 1913 4042 de
1944 3979 2043 4042 rueris
2067 3985 2103 4042 et

268 4079 404 4166 integris
429 4079 601 4144 choriois
625 4079 775 4152 commis;
799 4077 918 4150 deiude
942 4083 978 4142 ut
1000 4079 1142 4144 omnium
1167 4098 1365 4143 commotum
1389 4077 1612 4142 definitionem
1637 4077 1802 4159 absolvat,
1826 4078 1916 4144 addit
1940 4079 2099 4146 illudenti

271 4175 341 4248 ιἰνιὸ
364 4189 496 4271 σκηνῆς,
526 4183 674 4268 quamvis
697 4182 802 4247 altera
831 4203 873 4246 cx
903 4187 995 4268 parte
1027 4204 1092 4247 non
1122 4183 1187 4248 sint
1210 4181 1350 4247 eherica.
1396 4183 1511 4270 Itaque
1536 4182 1563 4248 si
1586 4183 1714 4268 plenius
1738 4182 1894 4263 dixisset,
1918 4183 2001 4249 hace
2024 4205 2100 4249 eum

269 4285 465 4372 scripturum
480 4287 584 4350 fuisse
602 4283 715 4349 eredo:
738 4279 848 4365 κοινὸς
867 4285 965 4371 χοροῦ
989 4279 1024 4374 [ἢ
1038 4282 1147 4364 κοινὸς
1161 4282 1327 4372 χοροῦ]”)
1350 4283 1407 4350 καὶ
1431 4278 1501 4354 ἀπὸ
1525 4287 1654 4375 σκηνῆς.
1699 4285 1814 4372 Neque
1837 4288 1955 4352 mirum
1972 4288 2103 4354 videtur

270 4389 415 4454 Graecos
438 4390 516 4455 talia
539 4390 693 4468 carmina,
719 4390 788 4454 sive
804 4410 824 4453 a
842 4389 940 4456 choro
958 4392 1039 4470 solo,
1063 4391 1133 4456 sive
1150 4413 1170 4454 a
1186 4391 1282 4456 choro
1299 4398 1332 4456 et
1348 4390 1559 4456 histrionibus
1577 4389 1802 4472 cantabantur,
1826 4392 1990 4457 communi
2011 4413 2102 4457 eom-

269 4512 394 4556 morum
418 4495 548 4558 nomine
572 4493 775 4579 appellasse,
799 4515 871 4558 eum
896 4493 938 4574 id,
963 4515 1026 4581 quo
1051 4495 1092 4559 ab
1116 4495 1189 4559 aliis
1213 4495 1355 4560 maxime
1379 4495 1551 4574 differunt,
1581 4495 1727 4578 utrisque
1752 4495 1794 4558 sit
1817 4515 2005 4574 commune,
2036 4497 2102 4561 sci-

269 4598 348 4662 lieet
371 4595 455 4682 quod
480 4598 615 4682 singulis
640 4596 774 4661 vocibus
798 4596 939 4662 invicem
962 4598 1266 4684 pronuntiabantur.
1313 4597 1405 4671 Quae
1429 4599 1455 4662 si
1479 4603 1566 4662 recte
1582 4597 1820 4683 disputavimus
1838 4600 2014 4664 verisimile
2038 4607 2102 4680 est,

270 4700 416 4786 quamvis
440 4719 503 4763 non
527 4720 569 4764 ex
593 4701 679 4764 omni
702 4704 796 4785 parte
821 4701 1062 4782 confirmatum,
1086 4701 1300 4766 Aristotelem
1331 4701 1405 4766 ideo
1432 4699 1590 4787 paredum
1621 4693 1698 4765 ὅλον
1728 4703 1827 4787 χοροῦ
1855 4699 1943 4784 λέξιν
1965 4701 2102 4784 dixisse,

269 4812 305 4870 ut
328 4806 368 4869 ab
391 4803 430 4868 iis
455 4803 590 4868 commis
613 4804 665 4867 vel
689 4803 899 4884 commaticis,
924 4827 1008 4891 quae
1032 4813 1108 4870 sunt
1130 4805 1312 4868 communia
1336 4805 1425 4871 chori
1448 4802 1583 4890 (θρῆνος
1604 4800 1712 4882 κοινὸς
1726 4805 1849 4892 χοροῦ),
1873 4807 1895 4872 i.
1913 4827 1941 4874 e.
1964 4827 2101 4893 quorum

327 4943 406 4950 —-.-
580 4943 682 4950 ψῃ...-

373 5027 395 5092 s)
414 5025 658 5081 athenionem
673 5045 694 5080 e.
708 5025 769 5080 xli.
780 5025 802 5079 i.
817 5045 843 5096 p.
856 5027 913 5080 140.
950 5027 992 5094 eb)
1013 5027 1154 5082 Excidisse
1167 5029 1234 5082 haee
1248 5027 1332 5082 verba
1345 5031 1461 5096 propter
1473 5027 1688 5082 similitudinem
1703 5027 1824 5095 priorum
1841 5029 1914 5082 haud
1929 5028 2102 5082 incredibile.
