4562 5684
1085 329 1122 389 19

1003 416 1207 426 ----.-....

295 546 444 614 Eandem
474 547 634 612 rationem
662 545 773 610 valere
801 546 923 632 aliquid
955 545 995 612 ad
1025 548 1298 635 comprobandam
1328 548 1467 633 proximi
1497 571 1613 616 versus
1643 547 1676 614 ἐν
1703 539 1809 637 ἡμέρᾳ
1839 545 1876 613 δέ
1903 573 1931 614 a.
1948 573 1975 614 τ.
1992 549 2021 613 λ.

187 652 302 716 miram
325 652 524 718 sententiam
547 648 634 714 baud
657 649 836 730 abnuerim,
861 649 947 736 quod
971 657 1174 737 spectatores
1198 652 1297 718 etiam
1322 650 1392 716 cius
1416 654 1464 716 rei
1484 655 1649 720 recordari
1666 657 1828 739 poterant.
1867 653 2020 718 Attamen

187 757 294 821 estin
318 777 372 838 ca,
403 777 467 841 quo
496 761 585 820 recte
609 752 795 818 offendaris.
841 752 1007 840 Ambigua
1031 756 1118 820 enim
1148 762 1199 820 est
1222 761 1255 820 ct
1276 756 1370 820 nimis
1393 754 1475 832 lata;
1506 777 1580 820 nam
1604 757 1707 820 multa
1730 755 1871 820 interdiu
1893 757 2021 842 praevi-

186 859 320 941 dentur,
352 881 424 924 cum
449 879 505 939 ea,
534 856 767 943 quaeratione
797 857 935 943 exsequi
961 864 1100 945 possunt
1128 859 1293 939 homines,
1323 865 1392 922 tum
1422 878 1506 944 quae
1529 861 1760 928 vaticinantur.
1804 859 1921 926 Nonne
1950 861 2022 946 ipsa

187 961 451 1048 Clytaemnestra
486 960 656 1024 audiverat
687 957 906 1026 Cassandram
941 982 1021 1026 vera
1054 962 1309 1028 vaticinantem'.l
1359 960 1474 1046 Itaque
1509 962 1588 1027 nihil
1623 963 1762 1050 amplius
1792 969 1881 1027 recte
1911 962 2020 1026 dicere

186 1072 327 1151 poterat,
352 1085 447 1150 quam
472 1085 507 1130 se
530 1065 634 1149 ipsam
658 1060 738 1126 talia
759 1083 832 1127 esse
849 1071 1031 1150 expertam.
1076 1065 1120 1130 Et
1143 1065 1229 1152 quod
1246 1067 1424 1130 maximum
1447 1072 1512 1130 est:
1537 1065 1614 1152 quid
1635 1068 1717 1132 haec
1741 1066 1865 1131 adrem
1890 1067 1911 1130 i.
1929 1087 1956 1130 c.
1979 1065 2020 1130 ad

186 1169 303 1235 Furias
328 1167 543 1234 excitandas?
578 1166 694 1251 Neque
718 1187 795 1230 vero
811 1165 994 1232 Hermanni
1017 1171 1206 1234 coniectura
1228 1169 1400 1234 scribentis
1422 1168 1510 1254 μοῖρ’
1536 1161 1705 1258 όντρόσκος
1727 1170 1851 1257 φρενῶν
1867 1167 2021 1232 ‘interdiu

185 1293 267 1336 vcro
286 1292 350 1335 non
374 1278 424 1334 est
447 1271 546 1336 animi
569 1291 640 1334 sors
663 1277 700 1333 ut
722 1270 820 1355 longe
837 1269 957 1337 videar
979 1271 1036 1337 illa
1054 1272 1234 1337 offensione
1251 1271 1439 1354 liberamur,
1463 1272 1495 1336 id
1512 1273 1597 1356 quod
1615 1273 1861 1339 Schoemannus
1878 1271 2019 1356 quidem,

186 1375 243 1460 qui
272 1376 419 1462 sequitur
446 1375 627 1438 Hermanni
651 1375 864 1453 senteutiam,
895 1375 968 1460 ipse
998 1375 1156 1440 concedit.
1203 1375 1320 1460 ltaque
1349 1371 1590 1460 desperandum
1622 1397 1695 1442 esse
1719 1375 1759 1440 de
1788 1382 1900 1440 nostro
1923 1394 2020 1438 versu

185 1477 324 1558 videtur,
350 1479 409 1542 nisi
433 1477 522 1542 aliud
546 1476 704 1540 auxilium
728 1477 924 1542 inveniatur.
970 1476 1234 1544 Reminiscamur
1257 1484 1383 1557 autern,
1408 1499 1492 1563 quae
1516 1485 1606 1543 recte
1631 1477 1926 1564 Clytaemnestram
1949 1477 2018 1542 dic-

187 1590 292 1646 turam
316 1582 417 1646 fuisse
443 1601 542 1666 supra
558 1580 893 1646 commemoravimus.
939 1579 1025 1654 Quid
1048 1581 1157 1668 igitur,
1181 1582 1209 1646 si
1226 1581 1410 1666 Aeschylus
1433 1582 1508 1668 ipsa
1524 1582 1580 1670 illa
1596 1603 1668 1646 eam
1685 1581 1847 1648 dicentem
1865 1581 2019 1646 lecisset?

186 1685 315 1750 Codicis
337 1685 422 1750 enim
447 1684 548 1750 verba
572 1683 641 1746 sine
664 1683 731 1748 ulla
753 1685 935 1749 mutatione
964 1685 1011 1749 sic
1034 1685 1133 1750 ctiam
1156 1685 1222 1771 legi
1245 1706 1343 1770 posse
1366 1685 1543 1750 contendo:
1575 1713 1580 1718 ·

704 1799 737 1867 ἒν
758 1796 864 1891 ἡμέρᾳ
887 1800 924 1870 dc'
943 1799 1013 1889 μοί
1034 1803 1063 1888 ῥ’
1088 1797 1307 1890 ἆπρόονοττος
1328 1797 1486 1889 βρότον.

185 1931 221 1989 ιιι
245 1925 427 1990 sententiae
456 1925 503 1987 ita
531 1943 567 1986 se
590 1921 757 2008 excipiant
780 1925 900 2010 ‘aspice
929 1924 1011 1990 haec
1039 1925 1175 1990 vulnera
1203 1924 1300 1989 corde
1333 1924 1447 1997 infixa3
1476 1929 1569 2010 potes
1600 1926 1702 2004 enim,
1734 1943 1808 1990 nam
1840 1923 2017 1989 dormitans

186 2030 294 2093 anima
324 2030 412 2092 claro
443 2027 611 2091 oculorum
634 2025 756 2090 lumine
779 2028 896 2108 utitur,
929 2048 1003 2092 cum
1032 2027 1174 2092 interdiu
1196 2027 1276 2091 mibi
1298 2026 1479 2113 improvida
1502 2034 1591 2092 esset
1620 2026 1787 2094 caedium’.
1833 2027 1927 2092 Haec
1956 2047 2017 2113 po-

187 2139 308 2196 strema
331 2137 440 2196 autem
463 2129 667 2194 acerbissimi
691 2127 807 2193 doloris
831 2132 955 2196 recenti
977 2132 1136 2195 memoria
1160 2129 1456 2215 Clytaemnestram
1481 2130 1642 2196 adiecisse
1667 2139 1762 2218 puto,
1795 2138 1828 2198 et
1856 2153 1929 2196 cum
1952 2131 2015 2194 hoc

185 2236 272 2316 facit,
297 2234 383 2300 idem
406 2233 549 2298 maximo
572 2231 652 2297 dicit
674 2231 714 2295 ad
738 2251 823 2312 rem,
858 2231 899 2296 ad
926 2232 1042 2298 Furias
1076 2231 1282 2311 excitandas,
1313 2252 1389 2296 nam
1418 2231 1459 2298 de
1491 2234 1592 2299 caede
1620 2256 1681 2300 sua
1708 2237 1868 2322 loquitur;
1896 2239 1933 2297 ut
1964 2233 2017 2296 hic

185 2337 325 2402 eundern
349 2338 582 2402 sententiarum
607 2331 756 2398 ordinem
778 2336 1007 2416 observemus,
1037 2336 1077 2401 dc
1107 2357 1170 2421 quo
1196 2357 1296 2422 supra
1317 2335 1459 2402 diximus
1482 2335 1606 2420 (adnot.
1622 2338 1688 2423 to).
1736 2339 1855 2424 ¹Neque
1881 2338 2015 2401 multum

185 2442 302 2506 abesse
319 2439 462 2518 videtur,
480 2440 557 2524 quin
574 2437 838 2522 Clytaemnestra
851 2437 960 2503 Furiis
977 2439 1102 2503 crimini
1119 2444 1235 2520 vertat,
1258 2437 1345 2524 quod
1360 2439 1497 2503 interfici
1516 2441 1578 2503 sita
1595 2442 1637 2504 sit
1657 2441 1698 2506 ab
1721 2441 1772 2522 iis,
1796 2463 1869 2506 cum
1885 2445 2015 2527 pergat:

185 2535 206 2633 ἦ
230 2539 338 2610 πολλὰ
361 2543 420 2627 μὲν
443 2538 483 2629 δὴ
507 2543 572 2606 τῶν
593 2539 680 2624 ἐμῶν
708 2537 852 2621 ἐλείξατε
870 2547 903 2606 a.
919 2565 948 2606 τ.
962 2541 989 2608 λ.
1043 2540 1138 2605 Haec
1164 2541 1250 2605 eninr
1273 2533 1434 2606 sacrificia
1456 2563 1476 2605 a
1499 2541 1762 2627 Clytaemnestra
1796 2543 1837 2608 ad
1867 2549 2016 2608 averten-

188 2649 261 2713 dam
285 2647 457 2712 Furiarum
481 2645 562 2708 iram
586 2649 660 2730 post
687 2644 794 2708 mariti
818 2643 954 2709 caedem
978 2643 1183 2729 potissimum
1206 2645 1296 2708 facta
1319 2665 1392 2708 esse
1415 2649 1505 2710 recte
1531 2643 1725 2711 Schuetzius
1749 2646 1875 2726 docuit,
1904 2666 2016 2732 quam-

187 2773 282 2840 quam
308 2753 348 2817 de
373 2751 445 2815 aliis
469 2769 597 2835 quoque
622 2747 760 2832 cogitari
783 2753 903 2834 potest.

294 2857 413 2921 Restat
435 2855 533 2938 igitur
556 2858 592 2916 ut
614 2851 655 2916 de
679 2849 848 2914 vocabulis
872 2844 914 2934 ῥά
937 2856 971 2915 et
992 2843 1119 2934 βρότον
1146 2867 1230 2934 quae
1253 2851 1441 2915 necessaria
1463 2852 1615 2918 videntur
1638 2852 1767 2920 addam.
1812 2851 1904 2926 Quae
1931 2850 2017 2936 quod

187 2965 262 3024 sunt
284 2958 474 3037 Homerica,
498 2977 536 3020 eo
559 2955 665 3040 magis
688 2953 856 3038 Aeschylo
880 2953 1013 3038 placere
1035 2953 1184 3039 potuisse
1209 2959 1475 3034 consentaneum,
1499 2957 1619 3042 quippe
1644 2957 1699 3042 qui
1721 2961 1848 3020 tantum
1873 2954 2016 3020 studium

186 3063 219 3126 in
241 3062 377 3134 Homeri
401 3059 599 3125 carminibus
622 3056 828 3144 posuerit.⁵¹)
886 3055 930 3120 Et
965 3057 1145 3142 particulae
1179 3049 1220 3140 ῥά
1247 3054 1436 3120 Dindorfius
1464 3056 1613 3144 docet⁵²)
1636 3081 1736 3125 unum
1760 3083 1834 3126 csse
1858 3057 2016 3142 Aeschyli

187 3147 375 3252 exenrplum
398 3165 488 3228 Pers.
510 3155 591 3228 '6832
614 3149 635 3250 ἦ
657 3159 685 3246 ῥ’
710 3152 775 3226 dtas
798 3183 917 3243 μου-
930 3154 1098 3245 βασιλτόςς
1121 3161 1185 3224 tria
1214 3159 1396 3244 Sophoclis.
1442 3160 1505 3226 Sed
1535 3183 1577 3226 ex
1605 3183 1645 3228 eo
1675 3183 1809 3228 numero
1834 3165 1915 3228 certi
1939 3161 2016 3248 quid

188 3267 335 3332 concludi
359 3287 457 3353 posse
481 3266 522 3330 ad
545 3267 735 3330 universum
750 3264 820 3326 eius
836 3265 927 3328 vocis
943 3265 1030 3350 apud
1044 3270 1162 3351 poetas
1185 3263 1327 3347 magicos
1350 3285 1443 3327 usum
1467 3285 1544 3350 prae
1568 3273 1660 3331 tanta
1684 3268 1896 3353 superstitum
1920 3265 2015 3329 fabu-

187 3373 290 3435 larum
313 3371 479 3457 paucitate
502 3389 567 3433 non
592 3365 699 3431 credo.
745 3365 898 3430 Ceterum
922 3367 1072 3452 quamvis
1096 3365 1257 3452 gaudeam
1280 3386 1344 3430 uno
1368 3367 1423 3430 illo
1445 3361 1487 3450 ῥά
1510 3367 1714 3454 Aeschyleo,
1737 3377 1863 3448 tamen,
1888 3370 2014 3433 etiamsi

186 3473 333 3546 deesset,
367 3473 559 3559 scripturam
594 3491 691 3556 supra
720 3469 980 3534 commendatam
1012 3490 1196 3556 proponere
1230 3470 1362 3534 minimo
1387 3470 1586 3547 dubitarem,
1616 3493 1722 3559 neque
1747 3495 1811 3559 qua
1835 3474 1960 3537 ratione
1984 3471 2015 3536 id

186 3580 296 3643 lacere
320 3583 412 3642 vctcr
435 3577 512 3643 scic.
557 3574 657 3639 Aliud
688 3577 773 3640 eninr
804 3581 854 3639 est
882 3574 1039 3639 mutando
1071 3575 1146 3638 novi
1175 3571 1298 3660 aliquid
1330 3573 1449 3638 inferre
1477 3574 1511 3639 in
1542 3581 1685 3656 textum,
1715 3575 1803 3640 aliud
1833 3577 1866 3639 in
1887 3575 2016 3640 traditis

186 3683 304 3746 litteris
329 3699 507 3766 agnoscere
531 3678 691 3744 eiusmodi
713 3678 924 3752 vocabulum3
948 3676 1123 3744 dummodo
1146 3678 1328 3742 sententiae
1351 3677 1394 3740 sit
1417 3683 1540 3762 aptum.
1585 3677 1629 3743 Et
1651 3686 1762 3744 nostro
1786 3679 1919 3764 quidem
1942 3679 2015 3742 loco

187 3785 227 3850 de
251 3785 494 3872 opportunitate
518 3783 699 3870 particulae
722 3777 763 3866 ῥό
787 3802 880 3846 nemo
905 3780 1055 3846 dubitare
1077 3781 1214 3866 poterit,
1244 3800 1316 3845 cum
1347 3781 1389 3844 sit
1412 3780 1608 3865 explicanda
1630 3785 1676 3843 ‘ut
1699 3791 1854 3869 apparet,
1877 3789 1913 3846 ut
1936 3801 2017 3844 con·

186 3887 272 3966 stat',
295 3889 347 3953 hic
371 3892 417 3951 ‘ut
440 3884 565 3953 nostis'.
617 3885 685 3950 Eas
716 3891 824 3950 autem
853 3886 996 3950 rationes
1027 3884 1105 3950 item
1133 3883 1244 3948 valere
1275 3882 1317 3948 ad
1345 3903 1458 3948 vocem
1481 3877 1607 3968 βρότεον
1635 3905 1771 3965 censeo,
1804 3893 1901 3971 atque
1933 3885 2017 3948 sicut

187 3985 288 4077 (μόνος
316 4011 374 4076 pro
403 4011 515 4054 cruore
549 3990 595 4054 ita
623 4009 781 4060 conversa
810 3990 1027 4053 translations
1055 3982 1172 4074 βρότος
1201 4008 1260 4073 pro
1291 3987 1392 4051 caede
1416 3987 1563 4072 potuisse
1586 3988 1747 4074 usurpari.
1792 3987 1904 4073 Atque
1929 3987 2014 4052 idem

186 4092 381 4158 vocabulum
409 4094 441 4157 in
465 4093 644 4177 composito
668 4093 809 4178 quodam
830 4090 1018 4178 Aeschyleo
1047 4092 1157 4156 inesse
1181 4091 1326 4171 videtur,
1355 4089 1442 4174 quod
1470 4095 1580 4154 exstat
1608 4092 1693 4155 inira
1715 4090 1823 4176 (tacu
1858 4081 2016 4175 οὐδὲγὰρ

186 4192 422 4284 βροτοσκόπων
445 4190 614 4282 μαινάδων
635 4195 728 4260 τῶνδ’
745 4192 881 4282 ἐφέρπει
905 4190 1001 4274 κότος
1022 4220 1073 4274 τις
1096 4188 1272 4279 ἑργμάτων.
1295 4188 1522 4280 βροτοσκόπος
1544 4194 1630 4258 eninr
1655 4193 1741 4279 quod
1764 4195 1809 4258 ita
1832 4194 2018 4281 explicatur

187 4308 220 4365 ct
244 4302 453 4380 convertitur,
477 4306 513 4363 ut
535 4301 577 4362 sit
600 4297 759 4363 ‘homines
781 4298 970 4365 observans’
995 4295 1303 4375 ‘menschenhiiter',
1328 4319 1400 4362 eam
1424 4299 1590 4361 notionem
1614 4299 1784 4384 intellego,
1812 4319 1895 4383 quae
1919 4297 2016 4362 nimis

186 4405 296 4471 aliena
319 4406 363 4468 sit
386 4425 404 4466 a
426 4403 597 4468 Furiarum
620 4401 763 4467 numine.
808 4399 900 4475 Quae
924 4423 1120 4490 quamquam
1149 4403 1313 4467 illustrare
1337 4401 1484 4480 student,
1514 4407 1671 4486 quantum
1701 4400 1855 4466 damnum
1879 4421 1932 4465 res
1955 4400 2016 4465 hu-

186 4527 303 4574 manae
338 4507 403 4571 sint
437 4513 680 4587 contracturae,
711 4506 737 4570 si
765 4505 859 4591 ipsae
889 4512 1157 4586 contemnantur,
1187 4506 1325 4570 multum
1358 4511 1468 4567 tamen
1497 4503 1607 4584 abest,
1641 4510 1678 4567 ut
1707 4502 1873 4568 homiuum
1902 4504 2016 4569 salutis

188 4633 287 4676 causa
315 4626 356 4676 'sc
391 4611 536 4676 laborem
566 4609 652 4673 ferre
686 4608 852 4679 simulent:
888 4609 986 4675 immo
1017 4629 1112 4674 suum
1141 4610 1189 4673 ius
1212 4609 1324 4672 volunt
1352 4605 1500 4692 exsequi.
1553 4605 1669 4690 Itaque
1701 4599 1929 4690 βροτοοτόιτος
1951 4627 2015 4670 οοιι

187 4713 346 4780 ‘homines
370 4711 558 4779 observans'
583 4711 641 4778 sed
665 4711 810 4777 ‘caedem
834 4711 1021 4778 observans'
1045 4735 1118 4778 esse
1144 4713 1306 4778 existimo.

190 4859 216 4866 .-

291 4939 327 5004 m)
346 4934 517 5002 Bernhardy,
536 4933 701 4988 Crundriss³
720 4935 754 4995 Il,
773 4937 798 4990 2.
818 4953 844 5004 p.
857 4935 916 4989 ate.

291 5025 325 5085 ta)
346 5022 436 5076 chic.
458 5021 582 5087 :loschyl
602 5038 628 5088 p.
642 5022 701 5076 390.
