4602 5640
262 1401 276 1412 .
422 1357 426 1364 ⁴
549 1257 1107 1404 uetustiores
1152 1261 1679 1399 adsuetamn.

971 1501 1267 1568 PARTIOULAI

374 1653 654 1722 EUMENIDUM
677 1653 889 1722 FABULAE
913 1657 1037 1731 QUAE
1061 1656 1257 1724 DELPHIS
1281 1659 1501 1725 AGUNTUR
1525 1611 1862 1728 OOMPL’nurnns

1017 1852 1133 1858 ..--
1136 1853 1220 1860 μ’...

307 1979 386 2076 Duc
410 2011 602 2094 scriptorum
626 2031 749 2096 genera
772 2033 845 2074 esse
870 2031 942 2074 cum
966 2032 1070 2096 nuper
1093 2011 1211 2076 alicubi
1235 2011 1381 2098 legerim,
1407 2031 1543 2096 quorum
1564 2015 1660 2078 alteri
1683 2013 1722 2078 ad
1747 2014 1877 2079 laudern
1892 2016 2031 2100 gratiam

198 2131 278 2196 opes
295 2111 498 2198 expetendas
514 2113 666 2192 scribant,
690 2113 784 2177 alteri
809 2113 895 2198 quod
913 2113 1056 2178 habeant
1071 2137 1155 2200 quae
1172 2121 1261 2180 rectu
1277 2114 1467 2194 doceantur,
1491 2117 1599 2180 neutri
1621 2117 1725 2180 ordini
1747 2119 1779 2180 in
1796 2117 2033 2183 conscribenda

198 2215 261 2279 hac
285 2217 559 2280 commentatione
589 2215 797 2280 adnumerari
824 2236 875 2279 me
905 2238 1000 2302 posse
1030 2218 1187 2284 intellexi.
1233 2219 1278 2282 At
1301 2226 1353 2284 est
1374 2220 1512 2284 fortasse
1533 2221 1665 2284 tertium
1690 2227 1722 2283 et
1745 2242 1786 2284 ne
1804 2219 1883 2284 illud
1902 2220 2031 2305 quidem

197 2318 313 2383 inutile
337 2339 450 2384 eorum
474 2339 593 2404 genus,
618 2319 672 2404 qui
694 2326 782 2383 rcctc
806 2318 882 2404 quid
906 2329 1074 2405 quaerant.
1120 2322 1244 2396 Quodsi
1268 2323 1319 2386 cui
1343 2324 1375 2386 in
1399 2323 1489 2387 hisce
1515 2321 1672 2386 audacius
1695 2325 1771 2408 quid
1788 2324 1892 2388 moliri
1911 2324 2031 2402 videar,

196 2443 271 2487 cum
293 2422 335 2486 ab
357 2423 479 2487 usitata
501 2429 558 2487 aut
573 2422 769 2488 emendandi
792 2429 849 2487 aut
870 2425 1055 2510 explicandi
1072 2425 1273 2511 Aeschylum
1290 2429 1414 2492 ratione
1435 2427 1534 2492 latius
1550 2425 1768 2507 discesserim,
1792 2429 2031 2508 reminiscatur,

195 2547 334 2611 quaeso,
363 2547 415 2590 me
438 2525 519 2591 nihil
543 2527 627 2590 uelle
650 2526 770 2591 docere
795 2563 836 2576 -
860 2528 1008 2613 exceptis
1032 2527 1205 2593 admodum
1229 2530 1341 2614 paucis
1365 2565 1421 2608 —,
1452 2529 1507 2594 sed
1532 2552 1689 2616 quaerere
1714 2533 1921 2617 plerumque,
1953 2551 2029 2594 num

194 2631 229 2694 in
252 2629 292 2693 iis
316 2649 399 2715 quac
423 2630 529 2694 adhuc
552 2631 674 2716 scripta
701 2635 734 2694 et
760 2631 927 2716 explicata
957 2652 1031 2695 esso
1056 2633 1213 2716 comperi,
1245 2634 1285 2696 sit
1314 2632 1597 2716 acquiescendum.
1642 2633 1769 2720 Nempe
1801 2655 1883 2719 quac
1913 2633 2030 2698 adres

197 2739 231 2796 et
254 2733 434 2798 sententias
456 2740 546 2797 recte
570 2740 617 2812 ct,
641 2739 676 2796 ut
698 2734 732 2796 in
754 2733 937 2818 Aeschylo,
967 2734 1095 2819 poetice
1120 2735 1570 2819 conformandaspcrtinent,
1602 2757 1642 2800 ca
1666 2759 1738 2801 raro
1763 2745 1852 2802 certa
1875 2743 2031 2824 poterunt

196 2834 305 2899 evinci
327 2835 615 2900 demonstratione.
660 2836 803 2900 Facilius
829 2844 982 2920 quantam
1006 2840 1144 2923 quisquc
1168 2838 1259 2902 libris
1283 2838 1381 2902 fidem
1404 2836 1557 2904 habuerit
1573 2837 1744 2906 diiudices.
1790 2839 1833 2904 Et
1856 2862 1917 2926 ego
1940 2861 2029 2914 vcro,

194 2947 233 3002 ut
261 2939 304 3006 ah
331 2938 422 3002 initio
451 2939 512 3003 hcc
542 2940 709 3024 profitear,
741 2940 991 3024 religiosae-illi
1019 2961 1083 3027 qua
1111 2942 1216 3007 codex
1243 2942 1412 3008 blediceus
1440 2940 1622 3026 descriptus
1650 2947 1701 3006 cst
1730 2942 1928 3028 simplicitati
1956 2943 2030 3028 plus

196 3043 356 3106 sermonis
372 3063 449 3107 vero
465 3042 646 3127 Aeschylci
670 3065 727 3108 nos
751 3044 883 3124 debere,
908 3065 1005 3130 quam
1029 3047 1210 3112 concedant
1232 3049 1392 3132 plerique,
1415 3066 1608 3132 persuasum
1632 3045 1746 3110 habeo.
1786 3045 1901 3130 Neque
1922 3053 2031 3110 tamen

196 3145 281 3210 hanc
304 3147 500 3210 sententiam
529 3145 570 3209 ad
599 3147 813 3231 explorandas
836 3149 1012 3234 scripturas
1036 3151 1146 3230 attuli,
1179 3151 1237 3216 sed
1265 3152 1349 3215 inter
1377 3151 1483 3236 ipsum
1514 3171 1594 3234 opus
1625 3171 1698 3213 cum
1729 3149 1900 3214 miratione
1924 3152 2033 3235 aliqua

197 3247 318 3312 inveni.
362 3249 450 3314 Usus
475 3255 586 3313 autem
610 3270 680 3313 sum
705 3250 851 3334 inprimis
876 3273 914 3316 eo
937 3253 1032 3334 lihrc,
1057 3275 1119 3339 quc
1141 3253 1182 3318 a.
1199 3254 1380 3320 Merkclius
1397 3275 1480 3339 quue
1498 3260 1673 3338 supersunt
1690 3253 1848 3339 Aeschyli
1871 3254 1903 3317 in
1921 3253 2033 3318 codice

195 3350 345 3418 Mediccc
368 3353 421 3417 vel
444 3353 665 3418 Laurentiano
689 3354 773 3439 typis
798 3354 1015 3421 describenda
1044 3357 1169 3421 curavit
1192 3357 1302 3422 Oxuni
1328 3359 1424 3435 1871,
1453 3355 1607 3421 adhibitis
1637 3378 1718 3442 quas
1748 3355 1833 3442 apud
1857 3357 2031 3422 Francium

195 3455 422 3520 Hermannum
446 3455 635 3520 Gothanum
659 3455 863 3522 Dindurfium
886 3458 1122 3524 Kirchholiium
1150 3460 1332 3546 adscriptas
1355 3460 1421 3524 vidi
1449 3463 1533 3524 notis
1564 3461 1694 3526 criticis.
1740 3459 1902 3526 Numeros
1926 3461 2033 3526 adieci

197 3556 350 3624 editionis
373 3559 605 3626 Diudoriianae
628 3561 770 3644 quintae.

965 3685 1270 3693 .-——-—-.---.—--—..-

304 3871 487 3956 Aeschylus
519 3891 592 3933 cum
624 3869 788 3934 Orestiam
819 3871 1040 3936 conscriberet
1071 3895 1112 3937 cx
1149 3873 1201 3951 iis,
1238 3893 1321 3958 quae
1351 3873 1529 3956 antiquitus
1559 3873 1735 3938 memoriae
1767 3881 1861 3938 erant
1891 3873 2030 3959 prodita,

195 3973 274 4058 quin
302 3975 451 4038 Orestem
484 3976 728 4044 matrecccisa
758 3997 777 4038 a
807 3973 913 4040 Furiis
944 3983 1100 4041 vexatum
1130 3975 1276 4061 Delphus
1306 3977 1548 4062 confugientem
1581 3983 1793 4064 proponeret,
1824 3979 1934 4043 iacere
1966 3999 2030 4042 non

195 4079 311 4164 potuit.
356 4077 450 4142 Haec
474 4079 559 4142 enim
585 4078 710 4144 Orestis
733 4079 812 4164 fuga
836 4079 1067 4144 diversissimis
1096 4078 1136 4143 de
1164 4099 1203 4142 eo
1226 4079 1347 4143 fabulis
1377 4087 1443 4145 tam
1471 4081 1601 4168 penitus
1626 4081 1782 4159 inhaesit,
1811 4087 1848 4144 ut
1876 4082 1937 4146 cici
1966 4103 2030 4146 non

194 4187 322 4266 posset:
357 4181 447 4244 cuius
471 4181 518 4247 rei
542 4203 709 4268 exponere
738 4204 853 4248 causas
877 4184 1020 4248 alienum
1049 4189 1100 4247 est
1126 4177 1145 4246 a
1174 4189 1285 4247 nostro
1314 4186 1491 4272 proposito.
1539 4185 1631 4258 Quae
1660 4187 1685 4247 si
1714 4205 1779 4249 non
1806 4186 1852 4248 ita
1879 4187 2029 4268 luissent,

195 4291 327 4370 poetam
355 4285 439 4348 ultro
470 4287 558 4350 illam
586 4287 735 4351 ficturum
764 4287 865 4351 fuisse
889 4288 944 4350 vix
968 4285 1075 4351 credo.
1120 4285 1204 4350 Nam
1233 4287 1318 4373 quod
1348 4287 1426 4352 dicit
1449 4287 1585 4352 Orestes
1609 4288 1755 4374 Choeph.
1781 4310 1828 4354 vs.
1856 4291 1947 4354 1038.
1973 4294 2027 4354 39:

664 4399 731 4472 οὐδ’
755 4405 807 4494 ἐφ’
831 4402 943 4472 ἑστίαν
966 4400 1063 4493 dttqv
1085 4405 1277 4492 τραπέσθαι
1300 4403 1430 4487 Λοξίας
1453 4403 1564 4495 ἐφίετο

194 4547 236 4590 ex
265 4547 304 4590 eo
328 4525 531 4611 praevidisse
555 4527 743 4612 Apollinem
767 4529 882 4593 Furias
906 4533 1135 4614 persecuturos
1164 4549 1237 4593 esse
1262 4528 1413 4592 Orestem
1443 4528 1484 4592 ob
1515 4529 1732 4594 matricidium
1763 4537 1913 4614 apparct;
1945 4529 2028 4614 quod

195 4629 222 4694 si
251 4630 432 4710 evenisset,
465 4651 538 4694 cunr
569 4630 611 4694 ad
642 4631 796 4716 templum
827 4654 920 4698 suum
950 4633 1196 4696 lustrationibus
1227 4632 1441 4697 sanctissimis
1466 4633 1715 4699 celeberrimum
1739 4633 1897 4719 proficisci
1926 4634 2029 4696 iussit.

193 4733 288 4799 Unde
308 4734 425 4798 chorus
442 4735 633 4799 ancillarum
651 4742 738 4799 recte
757 4738 909 4822 colligere
927 4736 1056 4800 videtur
1073 4737 1225 4801 Orestem
1241 4736 1285 4800 ibi
1301 4738 1470 4822 expiatum
1487 4738 1536 4802 iri.
1576 4737 1615 4800 cf.
1634 4735 1779 4822 Chocph.
1797 4757 1844 4798 us.
1865 4740 1955 4802 1059.
1972 4741 2027 4800 ou:

733 4851 832 4922 σώσει
855 4849 1038 4940 καθαρμός·
1062 4851 1195 4936 Λοξίας
1217 4854 1252 4922 δὲ
1275 4853 1469 4942 προσθιγὼν
1575 4917 1580 4929 ,

732 4953 903 5042 ἐλεύθερόν
925 4979 961 5022 σε
983 4957 1084 5022 τῶνδε
1107 4953 1267 5045 πημάτων
1290 4954 1404 5026 κτίσει.

1805 5063 1818 5113 l
