4602 5640
167 553 201 618 id
224 551 418 618 vocabulum
441 551 555 618 eadam
579 550 709 618 valendi
732 551 867 618 notione
895 558 1088 638 usurpatum
1112 551 1276 638 exetat²²l
1301 556 1331 620 ei
1355 558 1491 635 suflicit;
1520 559 1665 646 pendere
1688 560 1774 626 enim
1800 559 1887 646 opud
1908 560 2000 626 illurn

168 656 311 723 acerbo
343 657 462 722 σωκεῖν
490 656 694 722 infinitivum.
759 652 851 726 Quae
888 675 951 742 quo
982 657 1053 722 iure
1084 655 1139 724 ille
1170 657 1384 724 ratiocinatus
1415 662 1475 743 sit,
1506 684 1570 728 non
1604 663 1771 748 intellego.
1817 663 1886 728 Sed
1906 663 2000 730 rideo

170 759 375 844 Aeschylum
398 758 486 824 haud
509 781 582 824 raro
605 757 651 824 ita
672 758 848 840 dicentem,
872 765 908 824 ut
930 761 1056 826 notioni
1078 761 1225 847 generali
1246 763 1300 828 vel
1324 765 1472 850 ampliori
1494 765 1697 852 praemissae
1713 766 1870 854 adiunget
1892 769 1999 855 spesi-

169 864 254 930 alsm
282 864 335 928 vel
364 869 569 942 concretam,
603 883 667 947 qua
700 882 735 926 re
770 867 804 932 ot
833 863 962 948 copiam
990 869 1024 932 et
1049 866 1321 951 perspicuitatem
1345 865 1506 937 illustrem
1530 869 1625 934 affert
1646 870 1839 936 sententiae.
1883 869 1928 934 Et
1949 879 1999 934 cet

168 971 286 1052 poetae
311 965 393 1032 haec
422 963 550 1030 dicendi
581 967 682 1046 ratio,
713 987 787 1033 cum
816 966 921 1034 altera
951 965 1024 1047 illa,
1047 987 1131 1052 quae
1162 989 1318 1034 converso
1343 969 1444 1035 utitur
1465 971 1593 1053 ordine,
1616 972 1845 1059 philosophum
1869 972 1994 1039 deceat.

169 1069 325 1135 Nostrum
350 1069 450 1153 igitur
472 1089 603 1134 versum
634 1070 679 1134 sic
710 1089 783 1136 esse
812 1069 1068 1154 intellegendum
1095 1077 1191 1156 puto,
1221 1093 1259 1138 ac
1283 1074 1309 1136 si
1333 1074 1517 1160 scripsisset
1539 1075 1744 1162 Aeschylus:
1773 1069 1818 1154 ὡς
1846 1069 1999 1142 ἀσθενεῖν

169 1196 210 1256 με
232 1169 317 1261 μν,δὲ
337 1171 372 1255 μ’
396 1165 560 1240 ἀκταίνειν
582 1167 694 1256 βόσινε
725 1176 772 1238 ‘ut
794 1175 854 1240 sim
879 1173 1022 1240 invalida
1044 1195 1152 1260 neque
1174 1175 1277 1261 pedes
1300 1177 1417 1242 tollere
1439 1177 1582 1263 possim’.

596 1297 647 1359 40.
686 1283 752 1377 ὁρῶ
775 1291 803 1357 δ’
827 1290 881 1358 ἔντ’
906 1286 1048 1384 ὀμφαλῷ
1068 1291 1128 1378 μὲν
1150 1287 1253 1381 ι’ίνδρα
1275 1300 1439 1386 θεομαοῆι

685 1393 781 1480 ἕδραν
802 1391 909 1478 ἔχοντι
932 1392 1184 1484 προστρόίταιον
1207 1399 1325 1484 αἵματι

685 1495 845 1581 στάζοντα
867 1503 982 1586 χεῖρασ
1002 1499 1061 1566 καὶ
1082 1500 1267 1570 esscharte
1289 1498 1391 1590 ξίφοσ

591 1605 641 1668 43.
680 1597 780 1684 ἤγοντ’
804 1599 923 1668 italus
945 1602 981 1668 θ’
1006 1597 1219 1694 ὑψιγέννητον
1240 1600 1367 1670 stridor.

168 1725 321 1810 Plerique
345 1724 489 1789 editores
512 1725 711 1812 scripserunt
733 1724 886 1812 θεομυσῆ
909 1762 948 1770 -
973 1719 1088 1806 ἔχοντα
1113 1764 1153 1776 -—
1177 1721 1286 1804 ἐλαίας.
1331 1725 1375 1790 Et
1396 1724 1438 1790 de
1461 1727 1564 1794 forma
1585 1721 1699 1808 ἐλαίας
1722 1728 1807 1793 infra
1829 1725 1998 1792 disseram.

173 1829 225 1895 De
249 1829 382 1916 reliquis
406 1828 604 1894 contendere
634 1831 737 1895 ausim
768 1829 891 1896 habere
919 1830 1172 1916 explicationem
1202 1831 1300 1896 etiam
1330 1850 1414 1915 quae
1437 1831 1570 1916 propius
1594 1831 1634 1896 ad
1659 1830 1851 1916 scripturam
1874 1830 2000 1896 codicis

168 1933 342 2000 accedunt:
367 1925 434 2019 ὁρῶ
457 1971 498 1982 -—
522 1925 624 2018 duduc
643 1931 866 2018 daopccst²³)‚
890 1929 986 2018 ἕδραν
1007 1928 1112 2014 ipsura
1135 1928 1394 2020 προστρόπαιον,
1418 1935 1535 2018 αίματι
1558 1929 1719 2015 στάζοντα
1742 1957 1812 2002 κ.τ.
1826 1933 1869 1998 λε
1893 1933 1998 1998 ‘video
2025 1952 2028 1960 ·

168 2037 274 2102 virum
303 2037 537 2124 placuloso²⁴)‚
562 2037 616 2124 qui
644 2043 782 2126 occupat
806 2036 918 2102 sedem
942 2037 1136 2123 supplicem,
1160 2038 1319 2122 sanguine
1342 2036 1528 2103 stillantem'
1552 2043 1646 2118 cett,
1670 2058 1753 2124 quae
1776 2036 1999 2124 probabiliora

170 2161 245 2206 ease
267 2140 482 2220 uidebuntur,
511 2142 540 2204 si
569 2147 716 2206 veterum
737 2139 896 2205 recitandi
918 2146 951 2203 et
972 2139 1175 2205 declamandi
1198 2148 1302 2206 artem
1318 2139 1404 2206 haud
1421 2141 1517 2208 facile
1536 2163 1613 2208 varo
1637 2143 1793 2208 malorem
1818 2141 1998 2206 existimari

169 2264 267 2329 posse
289 2243 540 2310 recordabimur.
585 2243 693 2327 Megia
720 2245 818 2308 etiam
847 2245 1018 2330 placerent
1045 2243 1143 2324 haec,
1180 2245 1207 2307 si
1241 2244 1459 2310 scriberemus
1489 2241 1635 2330 βρέχοντι
1659 2267 1717 2332 pro
1739 2239 1855 2328 ἔχοντι.
1899 2243 1994 2310 Ηοοο

168 2346 416 2426 commotiore,
440 2365 505 2410 non
529 2352 741 2431 quercetum
764 2367 817 2411 me
842 2347 905 2411 iam
928 2348 1114 2434 repperisse
1145 2346 1319 2428 confidam,
1350 2347 1407 2416 sed
1437 2353 1473 2413 ut
1502 2349 1609 2414 locum
1641 2348 1733 2412 illum
1762 2345 1905 2412 nondum
1930 2353 1995 2412 tom

171 2449 361 2534 expeditum
380 2469 453 2513 esse
470 2448 649 2530 ostendam,
673 2470 769 2535 quam
786 2451 858 2536 quis
883 2471 926 2516 ex
946 2451 1165 2515 recentiorum
1181 2471 1343 2516 consensu
1366 2451 1490 2519 credat.
1534 2451 1578 2516 ut
1601 2451 1681 2516 mihi
1703 2450 1834 2535 quidem
1859 2469 1994 2536 persua-

171 2573 243 2616 sum
268 2559 319 2617 est
341 2553 406 2618 duo
431 2554 488 2618 illa
510 2553 526 2616 I
550 2554 583 2618 in
607 2553 772 2643 θεομασῆι
796 2561 829 2620 et
851 2549 957 2636 ἔχοντι
977 2555 1214 2620 accuratiorem
1236 2574 1417 2639 exposcere
1439 2553 1632 2620 emendandi
1652 2555 1822 2635 rationem,
1846 2573 1943 2640 quam
1960 2561 1996 2617 ut

167 2656 303 2720 tollatur
324 2663 506 2741 utrumque.
1411 2710 1415 2716 .

484 2797 487 2804 .
596 2747 646 2807 44.
685 2737 772 2830 λήνει
795 2737 938 2829 μεγίστῳ
960 2737 1144 2830 σωφρόνων
1165 2740 1368 2828 ἐστεμμένον.

169 2863 351 2928 Hermanni
377 2865 598 2928 coniecturam
620 2858 942 2952 μεγιστοσωφρόνως,
961 2864 1063 2950 ‘qum
1087 2863 1203 2929 mirum
1226 2865 1258 2929 in
1282 2865 1413 2930 modum
1437 2863 1549 2930 laudat
1572 2862 1754 2934 Gothonus.
1778 2865 1997 2949 neglexerunt

169 2965 355 3032 Dindorfius
379 2973 412 3030 et
435 2966 667 3050 Kirohholfius,
692 2965 812 3035 refutat
833 2965 1015 3054 prudenter
1036 2967 1160 3034 Nestus
1170 2967 1224 3052 Μ).

597 3091 650 3156 48.
687 3081 779 3154 οἷ’ντοι
801 3093 969 3175 γι-ναῖκασ,
993 3081 1077 3154 ἀλλὰ
1100 3083 1267 3176 Γοργόναν
1288 3087 1379 3174 λέγω,

684 3185 753 3258 οὐδ’
777 3181 855 3258 οὗτε
879 3187 1082 3278 Γοργείοισιν
1103 3187 1226 3258 εἰκόσιν
1247 3188 1374 3270 τόποις.
1469 3184 1474 3196 ’

685 3287 773 3362 εἶδόν
795 3294 872 3362 ποτ’
895 3289 957 3382 ἤδη
983 3293 1112 3362 marimo
1133 3294 1358 3382 perpepetrata

685 3398 820 3465 δεῖπνον
841 3391 1018 3484 φεροόσασ·
1042 3391 1183 3484 ι’ίνττεροί
1205 3421 1240 3485 γε
1261 3392 1327 3486 μὴν
1350 3393 1432 3463 ttae

597 3503 648 3568 52.
687 3489 795 3584 αὗται,
818 3499 971 3586 μέλαιναι
992 3501 1021 3568 δ’
1045 3500 1083 3569 da
1103 3497 1142 3568 τὸ
1166 3503 1235 3568 πᾶν
1256 3496 1505 3588 βδελύκτροποι.

167 3621 359 3690 Desiderari
394 3624 426 3686 in
457 3624 509 3688 his
543 3625 694 3690 versibus
727 3623 950 3710 Harpyiarum
981 3645 1100 3690 nomen
1132 3625 1197 3690 iam
1228 3623 1354 3712 pridem
1384 3627 1435 3686 est
1464 3619 1631 3685 monitum.
1684 3617 1887 3704 Quamquam
1911 3618 1998 3682 enirn

169 3725 278 3790 odhuc
299 3747 396 3791 nemo
418 3726 535 3791 doctus
558 3749 623 3794 non
646 3729 819 3808 intellexit,
843 3748 929 3814 quac
953 3729 1017 3792 sint
1036 3725 1161 3806 Φινέως
1180 3724 1398 3814 γεγραμμέναι
1420 3725 1554 3790 δεῖπνον
1576 3722 1744 3810 φέρουσαι,
1768 3723 1845 3788 tells
1868 3719 1996 3788 dicendi

169 3831 254 3895 ratio
278 3829 552 3918 mythogrsphum
569 3833 731 3918 quendam
748 3833 866 3898 decere
889 3839 1010 3919 potest,
1035 3832 1222 3898 scaenicum
1238 3837 1371 3918 poetam
1386 3830 1529 3894 minime.
1566 3825 1611 3890 Et
1633 3847 1674 3890 ne
1697 3828 1769 3910 quis
1793 3824 1834 3890 sd
1847 3825 1998 3931 ⁸Pythiae

168 3934 413 4020 ineptias5eam
443 3953 518 4000 esse
553 3936 758 4003 referendam
789 3937 950 4022 opinetur.
1001 3935 1064 4002 Est
1093 3938 1196 4016 enim,
1225 3943 1261 4002 ut
1290 3935 1384 4021 plura
1408 3931 1570 3998 interdum
1593 3931 1649 3996 illa
1676 3929 1766 3994 dicat
1788 3930 1999 4006 necessariis3
2035 4030 2043 4042 ,

273 4193 310 4260 tr)
329 4191 413 4263 Soph.
432 4193 471 4247 El.
490 4209 528 4247 rs.
549 4193 605 4246 119.
624 4193 714 4262 μοόνη
732 4192 786 4263 γαρ
806 4189 884 4262 ι’ίγειν
903 4189 952 4248 ota
970 4191 1009 4246 ἔτι
1024 4193 1105 4250 σωκῶ
1123 4190 1208 4259 λύπης
1227 4187 1392 4264 ἀντίρροπον
1410 4185 1506 4258 ἄχθος.

273 4291 309 4358 τι)
328 4287 368 4343 cf.
387 4289 476 4344 Prcm.
494 4287 553 4344 387.
579 4289 676 4358 σαφῶς
696 4289 726 4356 μ’
748 4287 775 4348 ἐς
797 4274 872 4342 οἷκον
895 4289 942 4345 adr
964 4288 1043 4356 λόγος
1065 4289 1167 4342 στέλλει
1187 4285 1278 4352 πόλιν,
1302 4285 1350 4341 ubi
1370 4281 1555 4339 Kirchhoffius
1574 4279 1736 4338 adnotavit:
1760 4281 1865 4348 οτέλληι
1889 4280 1925 4337 Μ.
1945 4298 1998 4338 sec.

169 4372 335 4428 Merkeliom
353 4377 420 4429 ante
438 4377 631 4443 comesturam,
649 4376 682 4428 ut
700 4373 819 4430 videtur.

274 4469 310 4538 ει)
328 4470 388 4526 Ηοο
399 4470 565 4528 vocabulum
583 4469 730 4526 brevitatis
749 4487 834 4526 causa
851 4485 868 4526 a
886 4469 997 4538 piaculo
1010 4468 1167 4524 derivatum
1181 4483 1328 4538 usurpasse
1340 4465 1446 4536 ignosci
1460 4464 1530 4520 mihi
1545 4479 1624 4534 posse
1636 4479 1724 4534 spero,
1744 4461 1818 4532 quod
1833 4463 2000 4532 ‘piacularis'

168 4557 200 4610 in
218 4555 322 4612 malam
340 4560 449 4627 partem
467 4573 523 4612 non
541 4555 687 4625 accipitur.

274 4660 309 4718 ra)
329 4649 361 4704 Iu
380 4667 472 4722 progr.
490 4667 585 4720 gpmo.
604 4649 753 4704 Gumbion.
774 4651 853 4704 1882:
882 4649 934 4716 „us
956 4649 994 4703 ist
1016 4648 1083 4704 uber
1107 4665 1139 4704 au
1165 4645 1241 4702 einer
1259 4635 1412 4715 liuderunp
1435 4643 1515 4702 nicht
1538 4644 1587 4700 der
1608 4643 1752 4714 geringste
1772 4645 1877 4700 Gruod.
1921 4645 1998 4699 Denn

166 4736 329 4808 abgesehen
346 4753 401 4792 von
419 4735 468 4790 dor
486 4736 612 4792 seltener
630 4736 682 4790 Art
700 4735 749 4792 der
767 4735 1056 4806 uuammenmuung,
1075 4734 1121 4788 die
1138 4733 1406 4804 μεγιστοοοφρόνως
1424 4729 1562 4794 animaist,
1587 4729 1645 4782 und
1664 4729 1710 4784 die
1728 4729 1774 4785 die
1794 4729 2000 4786 Hermonnsche

167 4821 329 4892 Konjahtur
345 4819 513 4876 bedenhlich
531 4821 633 4882 mucht,
652 4819 760 4876 soheint
777 4820 832 4874 mir
842 4822 973 4892 μέγιστος
989 4821 1060 4876 auch
1074 4820 1136 4874 dem
1149 4819 1219 4874 Sion
1231 4819 1303 4874 noch
1315 4819 1393 4874 mehr
1410 4836 1443 4874 au
1456 4819 1532 4888 λη’νει
1544 4834 1576 4872 au
1588 4817 1712 4886 gehdren
1731 4817 1772 4872 als
1791 4835 1824 4872 zu
1836 4815 1999 4888 σωφρόνωςι

164 4907 292 4982 μεγίστῳ
310 4907 385 4976 palat
403 4907 444 4962 als
463 4906 585 4962 Beiwort
602 4905 647 4960 bei
666 4905 715 4960 der
734 4905 829 4978 Ltnge
847 4907 896 4962 der
914 4906 1002 4961 vittae
1022 4906 1100 4962 recht
1117 4911 1177 4974 gut,
1196 4922 1253 4960 was
1272 4905 1323 4960 hot
1341 4921 1369 4960 es
1388 4903 1454 4960 aber
1472 4905 1515 4958 l'ur
1534 4901 1614 4957 einen
1634 4901 1732 4958 Zweclr
1751 4901 1796 4958 dic
1816 4903 2002 4968 Behrllozung

165 4995 216 5048 des
236 4995 318 5050 Orest
335 4994 398 5048 sehr
413 4987 578 5110 hersthptlig
597 5009 629 5046 nu
648 4993 800 5047 nennenl“
1757 5075 1773 5129 2

1757 5087 1764 5102 ι
1781 5078 1794 5107 2
